tr_date,tr_time,price,volume,market_flag,sales_condition,exclude_record_flag,unfiltered_price
2011-07-05,2011-07-05T11:38:04Z,2.8463,1,E,4,X,2.8463
2011-07-06,2011-07-06T15:29:28Z,2.9018,4,E,4,X,2.9018
2011-07-07,2011-07-07T11:19:55Z,2.8989,1,E,4,X,2.8989
2011-07-07,2011-07-07T11:33:50Z,2.8989,1,E,4,X,2.8989
2011-07-07,2011-07-07T14:07:00Z,2.9836,1,E,0,,2.9836
2011-07-07,2011-07-07T14:58:30Z,2.9956,1,E,4,X,2.9956
2011-07-08,2011-07-08T10:51:20Z,3.0063,100,P,2,X,3.0063
2011-07-08,2011-07-08T13:59:16Z,2.9908,1,E,4,X,2.9908
2011-07-08,2011-07-08T14:29:14Z,3.0036,1,E,4,X,3.0036
2011-07-08,2011-07-08T14:53:55Z,2.9977,1,E,4,X,2.9977
2011-07-08,2011-07-08T14:53:55Z,2.9908,1,E,4,X,2.9908
2011-07-08,2011-07-08T14:54:40Z,2.9987,1,E,4,X,2.9987
2011-07-08,2011-07-08T14:54:40Z,2.9907,1,E,4,X,2.9907
2011-07-08,2011-07-08T14:54:40Z,2.9987,1,E,4,X,2.9987
2011-07-08,2011-07-08T14:54:40Z,2.9907,1,E,4,X,2.9907
2011-07-08,2011-07-08T15:04:52Z,2.9895,1,E,4,X,2.9895
2011-07-08,2011-07-08T15:23:30Z,2.989,1,E,4,X,2.989
2011-07-11,2011-07-11T10:15:48Z,2.998,1,E,4,X,2.998
2011-07-11,2011-07-11T14:23:53Z,3.0013,50,P,2,X,3.0013
2011-07-12,2011-07-12T14:14:49Z,2.9672,1,E,4,X,2.9672
2011-07-12,2011-07-12T14:14:49Z,2.9762,1,E,4,X,2.9762
2011-07-12,2011-07-12T14:22:06Z,2.9672,1,E,4,X,2.9672
2011-07-12,2011-07-12T14:25:10Z,2.9662,1,E,4,X,2.9662
2011-07-12,2011-07-12T14:25:10Z,2.9762,1,E,4,X,2.9762
2011-07-12,2011-07-12T14:26:59Z,2.9657,1,E,4,X,2.9657
2011-07-12,2011-07-12T14:26:59Z,2.9762,1,E,4,X,2.9762
2011-07-12,2011-07-12T14:30:01Z,2.9937,3,E,4,X,2.9937
2011-07-12,2011-07-12T14:30:01Z,2.9761,3,E,4,X,2.9761
2011-07-13,2011-07-13T14:17:02Z,3.016,1,E,4,X,3.016
2011-07-13,2011-07-13T14:26:51Z,3.0165,1,E,4,X,3.0165
2011-07-13,2011-07-13T14:26:51Z,3.0194,1,E,4,X,3.0194
2011-07-13,2011-07-13T14:27:15Z,2.9912,1,E,4,X,2.9912
2011-07-13,2011-07-13T14:28:01Z,2.9912,1,E,4,X,2.9912
2011-07-13,2011-07-13T14:29:10Z,3.018,1,E,4,X,3.018
2011-07-13,2011-07-13T14:29:10Z,3.0194,1,E,4,X,3.0194
2011-07-13,2011-07-13T14:30:03Z,3.0198,1,E,4,X,3.0198
2011-07-13,2011-07-13T14:30:03Z,3.0194,1,E,4,X,3.0194
2011-07-13,2011-07-13T14:34:22Z,3.0186,1,E,4,X,3.0186
2011-07-14,2011-07-14T14:07:01Z,3.0218,1,E,4,X,3.0218
2011-07-14,2011-07-14T14:07:01Z,2.984,1,E,4,X,2.984
2011-07-14,2011-07-14T14:18:44Z,3.0203,1,E,4,X,3.0203
2011-07-14,2011-07-14T14:18:44Z,2.9845,1,E,4,X,2.9845
2011-07-14,2011-07-14T14:19:19Z,3.0023,2,E,4,X,3.0023
2011-07-14,2011-07-14T14:19:19Z,2.9845,2,E,4,X,2.9845
2011-07-18,2011-07-18T11:07:36Z,3.018,1,E,4,X,3.018
2011-07-18,2011-07-18T11:08:03Z,3.018,1,E,4,X,3.018
2011-07-18,2011-07-18T11:11:07Z,3.018,1,E,4,X,3.018
2011-07-18,2011-07-18T11:23:27Z,3.0174,1,E,4,X,3.0174
2011-07-18,2011-07-18T11:41:11Z,3.017,1,E,4,X,3.017
2011-07-18,2011-07-18T12:44:00Z,3.017,1,E,4,X,3.017
2011-07-18,2011-07-18T13:58:31Z,3.0174,2,E,4,X,3.0174
2011-07-18,2011-07-18T13:58:31Z,3.0174,2,E,4,X,3.0174
2011-07-18,2011-07-18T15:22:57Z,3.0174,5,E,4,X,3.0174
2011-07-19,2011-07-19T10:39:03Z,3.0089,1,E,4,X,3.0089
2011-07-19,2011-07-19T11:07:38Z,3.0089,2,E,4,X,3.0089
2011-07-19,2011-07-19T11:35:58Z,3.0094,1,E,4,X,3.0094
2011-07-19,2011-07-19T11:42:00Z,3.0094,1,E,4,X,3.0094
2011-07-20,2011-07-20T13:54:24Z,3.0004,1,E,4,X,3.0004
2011-07-20,2011-07-20T13:54:41Z,3.0003,10,E,4,X,3.0003
2011-07-21,2011-07-21T11:02:22Z,3.0172,1,E,4,X,3.0172
2011-07-21,2011-07-21T11:02:22Z,3.0172,10,E,4,X,3.0172
2011-07-21,2011-07-21T11:51:13Z,3.0161,1,E,4,X,3.0161
2011-07-21,2011-07-21T11:51:13Z,3.0161,10,E,4,X,3.0161
2011-07-21,2011-07-21T11:51:18Z,3.0152,7,E,4,X,3.0152
2011-07-21,2011-07-21T11:51:46Z,3.016,2,E,4,X,3.016
2011-07-21,2011-07-21T11:51:46Z,3.0231,2,E,4,X,3.0231
2011-07-21,2011-07-21T11:51:46Z,3.016,2,E,4,X,3.016
2011-07-21,2011-07-21T11:51:46Z,3.0231,2,E,4,X,3.0231
2011-07-21,2011-07-21T11:51:46Z,3.016,1,E,4,X,3.016
2011-07-21,2011-07-21T11:51:46Z,3.0231,1,E,4,X,3.0231
2011-07-21,2011-07-21T12:21:03Z,3.0165,1,E,4,X,3.0165
2011-07-21,2011-07-21T12:21:03Z,3.0231,1,E,4,X,3.0231
2011-07-21,2011-07-21T12:25:47Z,3.0165,1,E,4,X,3.0165
2011-07-21,2011-07-21T12:25:47Z,3.0231,1,E,4,X,3.0231
2011-07-22,2011-07-22T14:28:37Z,3.029,5,E,4,X,3.029
2011-07-25,2011-07-25T09:55:35Z,3,1,E,0,,3
2011-07-25,2011-07-25T09:55:35Z,3,1,E,4,X,3
2011-07-25,2011-07-25T13:17:37Z,3.011,1,E,4,X,3.011
2011-07-25,2011-07-25T13:17:37Z,3,1,E,4,X,3
2011-07-25,2011-07-25T14:29:20Z,3,5,E,4,X,3
2011-07-25,2011-07-25T14:29:54Z,3,1,E,4,X,3
2011-07-25,2011-07-25T14:30:03Z,3,1,E,4,X,3
2011-07-25,2011-07-25T14:30:19Z,3.0099,1,E,4,X,3.0099
2011-07-25,2011-07-25T14:30:54Z,3,1,E,4,X,3
2011-07-25,2011-07-25T14:31:09Z,3,1,E,4,X,3
2011-07-25,2011-07-25T14:31:19Z,3,1,E,4,X,3
2011-07-25,2011-07-25T14:31:19Z,3,1,E,4,X,3
2011-07-26,2011-07-26T14:02:28Z,3.0159,1,E,4,X,3.0159
2011-07-26,2011-07-26T14:30:24Z,3.0154,1,E,4,X,3.0154
2011-07-26,2011-07-26T14:31:31Z,3.0151,1,E,4,X,3.0151
2011-07-27,2011-07-27T11:30:55Z,3.0142,1,E,0,,3.0142
2011-07-27,2011-07-27T11:30:56Z,3.0142,1,E,0,,3.0142
2011-07-27,2011-07-27T11:30:56Z,3.0142,1,E,4,X,3.0142
2011-07-27,2011-07-27T11:30:56Z,3.0142,1,E,0,,3.0142
2011-07-27,2011-07-27T11:30:56Z,3.0142,1,E,4,X,3.0142
2011-07-27,2011-07-27T11:30:56Z,3.0142,1,E,0,,3.0142
2011-07-27,2011-07-27T11:30:56Z,3.0142,1,E,4,X,3.0142
2011-07-27,2011-07-27T11:30:56Z,3.0142,1,E,0,,3.0142
2011-07-27,2011-07-27T11:30:56Z,3.0142,1,E,4,X,3.0142
2011-07-27,2011-07-27T11:30:57Z,3.0142,1,E,0,,3.0142
2011-07-27,2011-07-27T11:30:57Z,3.0142,1,E,4,X,3.0142
2011-07-27,2011-07-27T11:30:57Z,3.0142,1,E,0,,3.0142
2011-07-27,2011-07-27T11:30:57Z,3.0142,1,E,4,X,3.0142
2011-07-27,2011-07-27T11:31:00Z,3.0142,1,E,0,,3.0142
2011-07-27,2011-07-27T11:31:00Z,3.0142,1,E,4,X,3.0142
2011-07-27,2011-07-27T11:31:00Z,3.0142,1,E,0,,3.0142
2011-07-27,2011-07-27T11:31:00Z,3.0142,1,E,4,X,3.0142
2011-07-27,2011-07-27T11:31:01Z,3.0142,1,E,0,,3.0142
2011-07-27,2011-07-27T11:31:01Z,3.0142,1,E,4,X,3.0142
2011-07-27,2011-07-27T11:43:46Z,3.0142,1,E,4,X,3.0142
2011-07-27,2011-07-27T11:43:46Z,3.015,1,E,4,X,3.015
2011-07-27,2011-07-27T11:43:56Z,3.0142,1,E,4,X,3.0142
2011-07-27,2011-07-27T11:43:56Z,3.015,1,E,4,X,3.015
2011-07-27,2011-07-27T11:44:00Z,3.0142,1,E,4,X,3.0142
2011-07-27,2011-07-27T11:44:00Z,3.015,1,E,4,X,3.015
2011-07-27,2011-07-27T11:44:01Z,3.0142,1,E,4,X,3.0142
2011-07-27,2011-07-27T11:44:01Z,3.015,1,E,4,X,3.015
2011-07-27,2011-07-27T11:44:01Z,3.0142,1,E,4,X,3.0142
2011-07-27,2011-07-27T11:44:01Z,3.015,1,E,4,X,3.015
2011-07-27,2011-07-27T11:44:01Z,3.0142,1,E,4,X,3.0142
2011-07-27,2011-07-27T11:44:01Z,3.015,1,E,4,X,3.015
2011-07-27,2011-07-27T11:44:01Z,3.0142,1,E,4,X,3.0142
2011-07-27,2011-07-27T11:44:01Z,3.015,1,E,4,X,3.015
2011-07-27,2011-07-27T11:44:01Z,3.0142,1,E,4,X,3.0142
2011-07-27,2011-07-27T11:44:01Z,3.015,1,E,4,X,3.015
2011-07-27,2011-07-27T11:44:01Z,3.0142,1,E,4,X,3.0142
2011-07-27,2011-07-27T11:44:01Z,3.015,1,E,4,X,3.015
2011-07-27,2011-07-27T11:44:01Z,3.0142,1,E,4,X,3.0142
2011-07-27,2011-07-27T11:44:01Z,3.015,1,E,4,X,3.015
2011-07-27,2011-07-27T14:25:57Z,3.0142,1,E,4,X,3.0142
2011-07-27,2011-07-27T14:27:48Z,3.0142,1,E,4,X,3.0142
2011-07-28,2011-07-28T13:00:18Z,2.9945,1,E,4,X,2.9945
2011-07-28,2011-07-28T13:00:18Z,2.9966,1,E,4,X,2.9966
2011-07-28,2011-07-28T13:00:43Z,2.9945,1,E,4,X,2.9945
2011-07-28,2011-07-28T13:00:43Z,2.9966,1,E,4,X,2.9966
2011-07-28,2011-07-28T13:30:10Z,2.9832,1,E,4,X,2.9832
2011-07-28,2011-07-28T13:30:10Z,2.9832,1,E,4,X,2.9832
2011-07-28,2011-07-28T13:45:03Z,2.9827,5,E,4,X,2.9827
2011-07-28,2011-07-28T14:19:31Z,2.9966,1,E,4,X,2.9966
2011-07-28,2011-07-28T14:28:31Z,2.9966,1,E,4,X,2.9966
2011-07-28,2011-07-28T14:28:31Z,2.9966,1,E,4,X,2.9966
2011-07-28,2011-07-28T14:28:34Z,2.9827,2,E,4,X,2.9827
2011-07-28,2011-07-28T14:28:38Z,2.9827,3,E,4,X,2.9827
2011-07-28,2011-07-28T15:06:55Z,2.9966,1,E,4,X,2.9966
2011-07-28,2011-07-28T15:06:55Z,2.9966,9,E,4,X,2.9966
2011-07-28,2011-07-28T15:06:55Z,2.9966,1,E,4,X,2.9966
2011-07-28,2011-07-28T15:06:57Z,2.9966,1,E,4,X,2.9966
2011-07-28,2011-07-28T15:06:57Z,2.9966,1,E,4,X,2.9966
2011-07-28,2011-07-28T15:07:00Z,2.9966,5,E,4,X,2.9966
2011-07-29,2011-07-29T12:02:09Z,2.9624,1,E,0,,2.9624
2011-07-29,2011-07-29T12:02:09Z,2.9624,1,E,0,,2.9624
2011-07-29,2011-07-29T12:02:09Z,2.9624,1,E,0,,2.9624
2011-07-29,2011-07-29T12:38:13Z,2.9605,1,E,4,X,2.9605
2011-07-29,2011-07-29T12:38:13Z,2.9662,1,E,4,X,2.9662
2011-07-29,2011-07-29T12:38:13Z,2.9604,1,E,4,X,2.9604
2011-07-29,2011-07-29T12:38:13Z,2.9662,1,E,4,X,2.9662
2011-07-29,2011-07-29T12:49:57Z,2.9603,1,E,4,X,2.9603
2011-07-29,2011-07-29T14:42:04Z,2.9653,1,E,4,X,2.9653
2011-08-01,2011-08-01T10:31:11Z,3.02,1,E,0,,3.02
2011-08-01,2011-08-01T10:31:11Z,3.02,1,E,4,X,3.02
2011-08-01,2011-08-01T10:31:11Z,3.02,1,E,0,,3.02
2011-08-01,2011-08-01T10:31:11Z,3.02,1,E,4,X,3.02
2011-08-01,2011-08-01T11:37:20Z,3.02,1,E,4,X,3.02
2011-08-01,2011-08-01T12:30:22Z,3.02,1,E,4,X,3.02
2011-08-01,2011-08-01T12:30:22Z,3.02,1,E,4,X,3.02
2011-08-01,2011-08-01T12:31:05Z,3.02,8,E,4,X,3.02
2011-08-01,2011-08-01T12:59:19Z,3.02,2,E,4,X,3.02
2011-08-01,2011-08-01T13:07:56Z,3.02,2,E,4,X,3.02
2011-08-01,2011-08-01T13:28:25Z,3.02,1,E,4,X,3.02
2011-08-01,2011-08-01T13:28:25Z,3.02,1,E,4,X,3.02
2011-08-01,2011-08-01T13:32:31Z,2.9706,1,E,4,X,2.9706
2011-08-01,2011-08-01T13:32:31Z,2.9709,1,E,4,X,2.9709
2011-08-01,2011-08-01T14:19:29Z,2.9706,1,E,4,X,2.9706
2011-08-01,2011-08-01T14:25:51Z,2.9704,7,E,4,X,2.9704
2011-08-01,2011-08-01T14:26:12Z,2.9706,2,E,4,X,2.9706
2011-08-01,2011-08-01T14:27:29Z,2.9706,1,E,4,X,2.9706
2011-08-01,2011-08-01T14:29:54Z,2.9906,1,E,4,X,2.9906
2011-08-01,2011-08-01T14:29:54Z,2.9706,1,E,4,X,2.9706
2011-08-01,2011-08-01T14:39:14Z,2.9706,3,E,4,X,2.9706
2011-08-01,2011-08-01T14:39:14Z,2.9706,7,E,4,X,2.9706
2011-08-01,2011-08-01T14:39:32Z,2.9712,3,E,4,X,2.9712
2011-08-01,2011-08-01T14:39:34Z,2.9706,4,E,4,X,2.9706
2011-08-02,2011-08-02T13:30:42Z,2.9833,1,E,4,X,2.9833
2011-08-02,2011-08-02T13:30:42Z,2.9833,1,E,4,X,2.9833
2011-08-02,2011-08-02T14:28:10Z,2.9711,1,E,4,X,2.9711
2011-08-02,2011-08-02T14:28:10Z,2.9833,1,E,4,X,2.9833
2011-08-02,2011-08-02T14:28:10Z,2.9833,1,E,4,X,2.9833
2011-08-02,2011-08-02T14:28:25Z,2.971,1,E,4,X,2.971
2011-08-02,2011-08-02T14:44:11Z,2.9713,1,E,4,X,2.9713
2011-08-02,2011-08-02T14:50:19Z,2.971,5,E,4,X,2.971
2011-08-03,2011-08-03T09:38:45Z,2.974,1,E,4,X,2.974
2011-08-04,2011-08-04T10:47:21Z,2.8723,1,E,4,X,2.8723
2011-08-04,2011-08-04T10:47:21Z,2.8948,1,E,4,X,2.8948
2011-08-04,2011-08-04T11:02:16Z,2.8718,1,E,4,X,2.8718
2011-08-04,2011-08-04T11:02:16Z,2.8948,1,E,4,X,2.8948
2011-08-04,2011-08-04T14:29:28Z,2.8948,1,E,4,X,2.8948
2011-08-04,2011-08-04T14:30:32Z,2.7852,1,E,4,X,2.7852
2011-08-04,2011-08-04T14:34:12Z,2.7852,1,E,4,X,2.7852
2011-08-04,2011-08-04T16:08:09Z,2.753,5,E,4,X,2.753
2011-08-04,2011-08-04T16:57:30Z,2.753,5,E,4,X,2.753
2011-08-05,2011-08-05T09:52:14Z,2.7436,1,E,4,X,2.7436
2011-08-05,2011-08-05T10:01:55Z,2.7803,6,E,4,X,2.7803
2011-08-05,2011-08-05T10:02:55Z,2.771,1,E,4,X,2.771
2011-08-05,2011-08-05T10:02:55Z,2.7802,1,E,4,X,2.7802
2011-08-05,2011-08-05T10:04:39Z,2.7802,1,E,4,X,2.7802
2011-08-05,2011-08-05T10:04:39Z,2.7802,5,E,4,X,2.7802
2011-08-05,2011-08-05T10:04:49Z,2.7803,4,E,4,X,2.7803
2011-08-05,2011-08-05T10:05:07Z,2.7807,1,E,4,X,2.7807
2011-08-05,2011-08-05T10:05:07Z,2.7807,1,E,4,X,2.7807
2011-08-05,2011-08-05T10:05:07Z,2.7807,1,E,4,X,2.7807
2011-08-05,2011-08-05T10:05:07Z,2.7807,1,E,4,X,2.7807
2011-08-05,2011-08-05T10:05:07Z,2.7807,1,E,4,X,2.7807
2011-08-05,2011-08-05T10:05:07Z,2.7807,1,E,4,X,2.7807
2011-08-05,2011-08-05T10:05:19Z,2.7436,1,E,4,X,2.7436
2011-08-05,2011-08-05T10:05:19Z,2.7803,1,E,4,X,2.7803
2011-08-05,2011-08-05T10:05:19Z,2.7436,1,E,4,X,2.7436
2011-08-05,2011-08-05T10:05:19Z,2.7803,1,E,4,X,2.7803
2011-08-05,2011-08-05T10:05:19Z,2.7436,1,E,4,X,2.7436
2011-08-05,2011-08-05T10:05:23Z,2.7436,2,E,4,X,2.7436
2011-08-05,2011-08-05T10:19:54Z,2.7436,2,E,4,X,2.7436
2011-08-05,2011-08-05T10:38:37Z,2.7702,10,E,4,X,2.7702
2011-08-05,2011-08-05T10:38:48Z,2.7436,2,E,4,X,2.7436
2011-08-05,2011-08-05T10:38:48Z,2.7436,2,E,4,X,2.7436
2011-08-05,2011-08-05T10:38:48Z,2.7436,2,E,4,X,2.7436
2011-08-05,2011-08-05T10:38:48Z,2.7436,2,E,4,X,2.7436
2011-08-05,2011-08-05T10:41:20Z,2.7436,2,E,4,X,2.7436
2011-08-05,2011-08-05T10:41:27Z,2.7436,1,E,4,X,2.7436
2011-08-05,2011-08-05T10:41:53Z,2.757,1,E,4,X,2.757
2011-08-05,2011-08-05T10:50:46Z,2.757,2,E,4,X,2.757
2011-08-05,2011-08-05T10:53:56Z,2.7436,2,E,4,X,2.7436
2011-08-05,2011-08-05T10:54:15Z,2.7569,1,E,4,X,2.7569
2011-08-05,2011-08-05T10:54:24Z,2.7569,1,E,4,X,2.7569
2011-08-05,2011-08-05T11:13:27Z,2.7569,1,E,4,X,2.7569
2011-08-05,2011-08-05T11:13:35Z,2.7569,1,E,4,X,2.7569
2011-08-05,2011-08-05T11:14:21Z,2.7436,1,E,4,X,2.7436
2011-08-05,2011-08-05T11:14:24Z,2.7436,1,E,4,X,2.7436
2011-08-05,2011-08-05T11:14:24Z,2.7436,1,E,4,X,2.7436
2011-08-05,2011-08-05T11:23:03Z,2.7569,1,E,4,X,2.7569
2011-08-05,2011-08-05T11:23:03Z,2.7436,1,E,4,X,2.7436
2011-08-05,2011-08-05T11:23:16Z,2.757,1,E,4,X,2.757
2011-08-05,2011-08-05T11:23:16Z,2.7436,1,E,4,X,2.7436
2011-08-05,2011-08-05T11:31:50Z,2.7569,1,E,4,X,2.7569
2011-08-05,2011-08-05T11:32:09Z,2.757,11,E,4,X,2.757
2011-08-05,2011-08-05T11:33:00Z,2.757,1,E,4,X,2.757
2011-08-05,2011-08-05T11:48:24Z,2.7436,2,E,4,X,2.7436
2011-08-05,2011-08-05T11:48:34Z,2.7436,3,E,4,X,2.7436
2011-08-05,2011-08-05T11:50:14Z,2.7436,1,E,4,X,2.7436
2011-08-05,2011-08-05T11:52:46Z,2.7536,1,E,4,X,2.7536
2011-08-05,2011-08-05T11:52:46Z,2.7536,1,E,4,X,2.7536
2011-08-05,2011-08-05T11:52:46Z,2.7536,1,E,4,X,2.7536
2011-08-05,2011-08-05T11:52:46Z,2.7536,1,E,4,X,2.7536
2011-08-05,2011-08-05T11:52:46Z,2.7536,1,E,4,X,2.7536
2011-08-05,2011-08-05T11:53:35Z,2.7954,1,E,4,X,2.7954
2011-08-05,2011-08-05T11:53:35Z,2.7535,1,E,4,X,2.7535
2011-08-05,2011-08-05T11:54:07Z,2.7532,1,E,4,X,2.7532
2011-08-05,2011-08-05T12:40:29Z,2.7513,1,E,4,X,2.7513
2011-08-05,2011-08-05T12:40:29Z,2.7513,1,E,4,X,2.7513
2011-08-05,2011-08-05T12:40:29Z,2.7513,1,E,4,X,2.7513
2011-08-05,2011-08-05T12:40:29Z,2.7513,1,E,4,X,2.7513
2011-08-05,2011-08-05T12:40:29Z,2.7513,1,E,4,X,2.7513
2011-08-05,2011-08-05T12:40:29Z,2.7512,2,E,4,X,2.7512
2011-08-05,2011-08-05T12:40:29Z,2.7512,2,E,4,X,2.7512
2011-08-05,2011-08-05T12:40:29Z,2.7512,2,E,4,X,2.7512
2011-08-05,2011-08-05T13:51:02Z,2.7436,1,E,4,X,2.7436
2011-08-05,2011-08-05T14:12:54Z,2.7436,2,E,4,X,2.7436
2011-08-05,2011-08-05T14:29:57Z,2.7436,1,E,4,X,2.7436
2011-08-05,2011-08-05T14:29:57Z,2.786,3,E,4,X,2.786
2011-08-05,2011-08-05T14:29:57Z,2.7967,1,E,4,X,2.7967
2011-08-05,2011-08-05T14:29:57Z,2.7957,2,E,4,X,2.7957
2011-08-05,2011-08-05T14:29:57Z,2.786,3,E,4,X,2.786
2011-08-05,2011-08-05T14:29:57Z,2.7957,3,E,4,X,2.7957
2011-08-05,2011-08-05T14:29:57Z,2.786,3,E,4,X,2.786
2011-08-05,2011-08-05T14:29:57Z,2.7956,1,E,4,X,2.7956
2011-08-05,2011-08-05T14:29:57Z,2.7956,1,E,4,X,2.7956
2011-08-05,2011-08-05T14:29:57Z,2.7956,1,E,4,X,2.7956
2011-08-08,2011-08-08T14:22:03Z,2.7095,1,E,4,X,2.7095
2011-08-08,2011-08-08T14:25:31Z,2.7284,2,E,4,X,2.7284
2011-08-08,2011-08-08T14:26:11Z,2.7294,1,E,4,X,2.7294
2011-08-08,2011-08-08T14:47:01Z,2.66,1,E,0,,2.66
2011-08-08,2011-08-08T14:47:01Z,2.66,1,E,4,X,2.66
2011-08-08,2011-08-08T14:47:27Z,2.66,1,E,4,X,2.66
2011-08-08,2011-08-08T14:47:27Z,2.6578,1,E,4,X,2.6578
2011-08-08,2011-08-08T14:51:50Z,2.6515,1,E,0,,2.6515
2011-08-08,2011-08-08T14:52:20Z,2.6455,1,E,0,,2.6455
2011-08-08,2011-08-08T14:52:20Z,2.6455,1,E,4,X,2.6455
2011-08-08,2011-08-08T14:52:20Z,2.6455,1,E,4,X,2.6455
2011-08-08,2011-08-08T14:52:45Z,2.6455,1,E,0,,2.6455
2011-08-08,2011-08-08T14:52:45Z,2.657,1,E,0,,2.657
2011-08-08,2011-08-08T14:52:45Z,2.657,1,E,4,X,2.657
2011-08-08,2011-08-08T14:52:45Z,2.657,1,E,0,,2.657
2011-08-08,2011-08-08T14:52:45Z,2.657,1,E,4,X,2.657
2011-08-08,2011-08-08T14:52:45Z,2.657,1,E,0,,2.657
2011-08-08,2011-08-08T14:52:45Z,2.657,1,E,4,X,2.657
2011-08-08,2011-08-08T14:52:45Z,2.6551,1,E,0,,2.6551
2011-08-08,2011-08-08T14:52:45Z,2.6551,1,E,4,X,2.6551
2011-08-08,2011-08-08T14:52:55Z,2.6445,1,E,0,,2.6445
2011-08-08,2011-08-08T14:52:55Z,2.6445,1,E,4,X,2.6445
2011-08-08,2011-08-08T14:53:07Z,2.6445,5,E,4,X,2.6445
2011-08-08,2011-08-08T14:53:07Z,2.6459,5,E,4,X,2.6459
2011-08-08,2011-08-08T14:55:33Z,2.6475,1,E,0,,2.6475
2011-08-08,2011-08-08T14:55:33Z,2.6475,1,E,4,X,2.6475
2011-08-08,2011-08-08T14:55:33Z,2.6475,1,E,0,,2.6475
2011-08-08,2011-08-08T14:55:33Z,2.6475,1,E,0,,2.6475
2011-08-08,2011-08-08T14:55:33Z,2.6475,1,E,4,X,2.6475
2011-08-08,2011-08-08T14:55:33Z,2.6475,1,E,0,,2.6475
2011-08-08,2011-08-08T14:55:33Z,2.6475,1,E,4,X,2.6475
2011-08-08,2011-08-08T14:55:33Z,2.6475,1,E,0,,2.6475
2011-08-08,2011-08-08T14:55:33Z,2.6475,1,E,4,X,2.6475
2011-08-08,2011-08-08T14:55:34Z,2.6475,1,E,0,,2.6475
2011-08-08,2011-08-08T14:55:34Z,2.6475,1,E,4,X,2.6475
2011-08-08,2011-08-08T14:55:34Z,2.6475,1,E,0,,2.6475
2011-08-08,2011-08-08T14:55:34Z,2.6475,1,E,4,X,2.6475
2011-08-08,2011-08-08T14:55:36Z,2.6475,1,E,0,,2.6475
2011-08-08,2011-08-08T14:55:36Z,2.6475,1,E,4,X,2.6475
2011-08-08,2011-08-08T14:55:37Z,2.6475,1,E,0,,2.6475
2011-08-08,2011-08-08T14:55:37Z,2.6475,1,E,4,X,2.6475
2011-08-08,2011-08-08T14:55:38Z,2.6475,1,E,0,,2.6475
2011-08-08,2011-08-08T14:55:38Z,2.6475,1,E,4,X,2.6475
2011-08-08,2011-08-08T14:56:07Z,2.6475,2,E,4,X,2.6475
2011-08-08,2011-08-08T14:56:07Z,2.6475,2,E,4,X,2.6475
2011-08-08,2011-08-08T14:56:07Z,2.6475,2,E,4,X,2.6475
2011-08-09,2011-08-09T04:39:17Z,2.5989,2,E,4,X,2.5989
2011-08-09,2011-08-09T04:39:17Z,2.6568,2,E,4,X,2.6568
2011-08-09,2011-08-09T04:39:17Z,2.5989,2,E,4,X,2.5989
2011-08-09,2011-08-09T04:39:17Z,2.6568,2,E,4,X,2.6568
2011-08-09,2011-08-09T04:39:17Z,2.5989,1,E,4,X,2.5989
2011-08-09,2011-08-09T04:39:17Z,2.6568,1,E,4,X,2.6568
2011-08-09,2011-08-09T04:39:17Z,2.5989,1,E,4,X,2.5989
2011-08-09,2011-08-09T07:52:49Z,2.6568,1,E,4,X,2.6568
2011-08-09,2011-08-09T09:18:46Z,2.6742,1,E,0,,2.6742
2011-08-09,2011-08-09T09:18:46Z,2.6742,1,E,0,,2.6742
2011-08-09,2011-08-09T09:18:46Z,2.6766,1,E,0,,2.6766
2011-08-09,2011-08-09T09:18:46Z,2.6773,1,E,0,,2.6773
2011-08-09,2011-08-09T09:18:46Z,2.6774,1,E,0,,2.6774
2011-08-09,2011-08-09T09:18:46Z,2.6775,1,E,0,,2.6775
2011-08-09,2011-08-09T09:31:10Z,2.6775,1,E,4,X,2.6775
2011-08-09,2011-08-09T11:12:36Z,2.6775,1,E,4,X,2.6775
2011-08-09,2011-08-09T11:13:59Z,2.6648,1,E,4,X,2.6648
2011-08-09,2011-08-09T11:13:59Z,2.6649,1,E,4,X,2.6649
2011-08-09,2011-08-09T11:14:03Z,2.665,1,E,4,X,2.665
2011-08-09,2011-08-09T11:14:03Z,2.665,1,E,4,X,2.665
2011-08-09,2011-08-09T11:16:56Z,2.6775,1,E,4,X,2.6775
2011-08-09,2011-08-09T11:16:56Z,2.6775,1,E,4,X,2.6775
2011-08-09,2011-08-09T11:16:56Z,2.6775,1,E,4,X,2.6775
2011-08-09,2011-08-09T11:16:56Z,2.6775,1,E,4,X,2.6775
2011-08-09,2011-08-09T11:16:56Z,2.6775,1,E,4,X,2.6775
2011-08-09,2011-08-09T11:16:56Z,2.6775,1,E,4,X,2.6775
2011-08-09,2011-08-09T11:16:56Z,2.6775,1,E,4,X,2.6775
2011-08-09,2011-08-09T11:16:56Z,2.6775,1,E,4,X,2.6775
2011-08-09,2011-08-09T11:16:56Z,2.6775,1,E,4,X,2.6775
2011-08-09,2011-08-09T11:16:56Z,2.6775,1,E,4,X,2.6775
2011-08-09,2011-08-09T11:16:56Z,2.6775,1,E,4,X,2.6775
2011-08-09,2011-08-09T11:16:56Z,2.6775,1,E,4,X,2.6775
2011-08-09,2011-08-09T11:16:56Z,2.6775,1,E,4,X,2.6775
2011-08-09,2011-08-09T11:16:56Z,2.6775,1,E,4,X,2.6775
2011-08-09,2011-08-09T11:16:56Z,2.6775,1,E,4,X,2.6775
2011-08-09,2011-08-09T11:16:56Z,2.6775,1,E,4,X,2.6775
2011-08-09,2011-08-09T11:16:56Z,2.6775,1,E,4,X,2.6775
2011-08-09,2011-08-09T11:16:56Z,2.6775,1,E,4,X,2.6775
2011-08-09,2011-08-09T11:16:56Z,2.6775,1,E,4,X,2.6775
2011-08-09,2011-08-09T11:16:56Z,2.6775,1,E,4,X,2.6775
2011-08-09,2011-08-09T11:16:56Z,2.6775,1,E,4,X,2.6775
2011-08-09,2011-08-09T11:17:08Z,2.6775,4,E,4,X,2.6775
2011-08-09,2011-08-09T11:17:08Z,2.6775,1,E,4,X,2.6775
2011-08-09,2011-08-09T11:21:10Z,2.6647,1,E,4,X,2.6647
2011-08-09,2011-08-09T11:21:14Z,2.6647,1,E,4,X,2.6647
2011-08-09,2011-08-09T11:21:36Z,2.6775,1,E,4,X,2.6775
2011-08-09,2011-08-09T11:49:33Z,2.6775,1,E,4,X,2.6775
2011-08-09,2011-08-09T11:49:40Z,2.6775,3,E,4,X,2.6775
2011-08-09,2011-08-09T11:49:46Z,2.6775,1,E,4,X,2.6775
2011-08-09,2011-08-09T11:49:48Z,2.6775,4,E,4,X,2.6775
2011-08-09,2011-08-09T14:00:13Z,2.6775,1,E,4,X,2.6775
2011-08-09,2011-08-09T14:21:11Z,2.625,1,E,0,,2.625
2011-08-09,2011-08-09T14:21:11Z,2.625,1,E,4,X,2.625
2011-08-09,2011-08-09T14:21:11Z,2.625,1,E,0,,2.625
2011-08-09,2011-08-09T14:21:11Z,2.625,1,E,4,X,2.625
2011-08-09,2011-08-09T14:21:11Z,2.625,1,E,0,,2.625
2011-08-09,2011-08-09T14:21:11Z,2.625,1,E,4,X,2.625
2011-08-09,2011-08-09T14:25:46Z,2.625,1,E,4,X,2.625
2011-08-09,2011-08-09T14:26:50Z,2.625,1,E,4,X,2.625
2011-08-09,2011-08-09T14:27:01Z,2.625,1,E,4,X,2.625
2011-08-09,2011-08-09T14:27:03Z,2.6249,1,E,4,X,2.6249
2011-08-09,2011-08-09T14:28:03Z,2.624,1,E,4,X,2.624
2011-08-09,2011-08-09T14:28:03Z,2.625,1,E,4,X,2.625
2011-08-09,2011-08-09T14:30:00Z,2.625,1,E,4,X,2.625
2011-08-09,2011-08-09T14:30:00Z,2.625,2,E,4,X,2.625
2011-08-09,2011-08-09T14:30:00Z,2.6296,1,E,4,X,2.6296
2011-08-09,2011-08-09T14:30:00Z,2.6296,1,E,4,X,2.6296
2011-08-09,2011-08-09T14:30:00Z,2.625,1,E,4,X,2.625
2011-08-09,2011-08-09T14:30:00Z,2.6297,1,E,4,X,2.6297
2011-08-09,2011-08-09T14:30:06Z,2.6296,1,E,4,X,2.6296
2011-08-09,2011-08-09T14:53:15Z,2.625,1,E,4,X,2.625
2011-08-09,2011-08-09T14:53:15Z,2.6282,1,E,4,X,2.6282
2011-08-10,2011-08-10T09:52:20Z,2.6847,1,E,0,,2.6847
2011-08-10,2011-08-10T09:52:37Z,2.6832,1,E,4,X,2.6832
2011-08-10,2011-08-10T09:52:37Z,2.6847,1,E,4,X,2.6847
2011-08-10,2011-08-10T09:52:37Z,2.6832,1,E,4,X,2.6832
2011-08-10,2011-08-10T09:53:21Z,2.6847,1,E,4,X,2.6847
2011-08-10,2011-08-10T10:02:40Z,2.6687,1,E,4,X,2.6687
2011-08-10,2011-08-10T10:02:40Z,2.6678,1,E,4,X,2.6678
2011-08-10,2011-08-10T12:15:00Z,2.6841,1,E,4,X,2.6841
2011-08-10,2011-08-10T12:15:00Z,2.6841,1,E,4,X,2.6841
2011-08-10,2011-08-10T12:15:00Z,2.6841,1,E,4,X,2.6841
2011-08-10,2011-08-10T12:15:00Z,2.6841,1,E,4,X,2.6841
2011-08-10,2011-08-10T12:15:00Z,2.6841,1,E,4,X,2.6841
2011-08-10,2011-08-10T12:33:09Z,2.6845,2,E,4,X,2.6845
2011-08-10,2011-08-10T12:33:09Z,2.6845,2,E,4,X,2.6845
2011-08-10,2011-08-10T12:33:09Z,2.6845,2,E,4,X,2.6845
2011-08-10,2011-08-10T12:38:13Z,2.6832,1,E,4,X,2.6832
2011-08-10,2011-08-10T12:38:13Z,2.6677,1,E,4,X,2.6677
2011-08-10,2011-08-10T12:40:09Z,2.6841,5,E,4,X,2.6841
2011-08-10,2011-08-10T12:40:22Z,2.6841,1,E,4,X,2.6841
2011-08-10,2011-08-10T12:40:25Z,2.6841,1,E,4,X,2.6841
2011-08-10,2011-08-10T13:09:24Z,2.6669,1,E,4,X,2.6669
2011-08-10,2011-08-10T13:09:39Z,2.6839,1,E,4,X,2.6839
2011-08-10,2011-08-10T13:30:26Z,2.6839,3,E,4,X,2.6839
2011-08-10,2011-08-10T13:48:02Z,2.6678,1,E,4,X,2.6678
2011-08-10,2011-08-10T13:50:37Z,2.6833,1,E,4,X,2.6833
2011-08-10,2011-08-10T13:57:15Z,2.6676,1,E,4,X,2.6676
2011-08-10,2011-08-10T14:25:24Z,2.6838,1,E,4,X,2.6838
2011-08-10,2011-08-10T14:25:24Z,2.6682,1,E,4,X,2.6682
2011-08-10,2011-08-10T14:29:43Z,2.6672,1,E,4,X,2.6672
2011-08-10,2011-08-10T14:29:43Z,2.6666,1,E,4,X,2.6666
2011-08-10,2011-08-10T14:29:43Z,2.6783,1,E,4,X,2.6783
2011-08-10,2011-08-10T14:29:43Z,2.6833,1,E,4,X,2.6833
2011-08-10,2011-08-10T14:29:43Z,2.6783,1,E,4,X,2.6783
2011-08-10,2011-08-10T14:29:43Z,2.6833,1,E,4,X,2.6833
2011-08-10,2011-08-10T14:29:43Z,2.6783,1,E,4,X,2.6783
2011-08-10,2011-08-10T14:29:43Z,2.6833,1,E,4,X,2.6833
2011-08-10,2011-08-10T14:29:43Z,2.6783,1,E,4,X,2.6783
2011-08-10,2011-08-10T14:29:43Z,2.6833,1,E,4,X,2.6833
2011-08-10,2011-08-10T14:29:43Z,2.6783,1,E,4,X,2.6783
2011-08-10,2011-08-10T14:29:43Z,2.6833,1,E,4,X,2.6833
2011-08-10,2011-08-10T14:29:43Z,2.6783,1,E,4,X,2.6783
2011-08-10,2011-08-10T14:29:43Z,2.6833,1,E,4,X,2.6833
2011-08-10,2011-08-10T14:29:43Z,2.6783,1,E,4,X,2.6783
2011-08-10,2011-08-10T14:29:43Z,2.6833,1,E,4,X,2.6833
2011-08-10,2011-08-10T14:29:43Z,2.6783,1,E,4,X,2.6783
2011-08-10,2011-08-10T14:29:43Z,2.6833,1,E,4,X,2.6833
2011-08-10,2011-08-10T14:29:43Z,2.6783,1,E,4,X,2.6783
2011-08-10,2011-08-10T14:29:43Z,2.6833,1,E,4,X,2.6833
2011-08-10,2011-08-10T14:37:06Z,2.7352,1,E,4,X,2.7352
2011-08-10,2011-08-10T14:37:06Z,2.7352,1,E,4,X,2.7352
2011-08-10,2011-08-10T15:49:15Z,2.7111,1,E,4,X,2.7111
2011-08-10,2011-08-10T15:49:15Z,2.7111,1,E,4,X,2.7111
2011-08-10,2011-08-10T15:49:16Z,2.7111,1,E,4,X,2.7111
2011-08-10,2011-08-10T15:49:16Z,2.7111,1,E,4,X,2.7111
2011-08-10,2011-08-10T15:49:16Z,2.7111,1,E,4,X,2.7111
2011-08-10,2011-08-10T15:49:16Z,2.7111,1,E,4,X,2.7111
2011-08-10,2011-08-10T15:49:16Z,2.7111,1,E,4,X,2.7111
2011-08-10,2011-08-10T15:49:16Z,2.7111,1,E,4,X,2.7111
2011-08-10,2011-08-10T15:49:16Z,2.7111,1,E,4,X,2.7111
2011-08-10,2011-08-10T15:49:16Z,2.7111,1,E,4,X,2.7111
2011-08-10,2011-08-10T19:25:27Z,2.7263,50,E,4,X,2.7263
2011-08-11,2011-08-11T09:04:10Z,2.7068,1,E,4,X,2.7068
2011-08-11,2011-08-11T09:04:16Z,2.7068,1,E,4,X,2.7068
2011-08-11,2011-08-11T13:53:10Z,2.7268,5,E,4,X,2.7268
2011-08-11,2011-08-11T14:02:37Z,2.7268,1,E,4,X,2.7268
2011-08-11,2011-08-11T14:02:54Z,2.7268,5,E,4,X,2.7268
2011-08-11,2011-08-11T14:20:11Z,2.7268,1,E,4,X,2.7268
2011-08-11,2011-08-11T14:20:26Z,2.7268,5,E,4,X,2.7268
2011-08-11,2011-08-11T14:27:09Z,2.712,1,E,4,X,2.712
2011-08-11,2011-08-11T14:27:09Z,2.7268,1,E,4,X,2.7268
2011-08-11,2011-08-11T14:28:53Z,2.7504,1,E,4,X,2.7504
2011-08-11,2011-08-11T14:29:19Z,2.7268,1,E,4,X,2.7268
2011-08-11,2011-08-11T14:29:22Z,2.7506,1,E,4,X,2.7506
2011-08-11,2011-08-11T14:31:14Z,2.7268,1,E,4,X,2.7268
2011-08-11,2011-08-11T14:31:14Z,2.7301,6,E,4,X,2.7301
2011-08-11,2011-08-11T14:31:14Z,2.7477,2,E,4,X,2.7477
2011-08-11,2011-08-11T14:31:14Z,2.7477,2,E,4,X,2.7477
2011-08-11,2011-08-11T14:31:14Z,2.7477,2,E,4,X,2.7477
2011-08-11,2011-08-11T14:31:14Z,2.7301,3,E,4,X,2.7301
2011-08-11,2011-08-11T14:38:06Z,2.7268,1,E,4,X,2.7268
2011-08-11,2011-08-11T14:38:06Z,2.7268,1,E,4,X,2.7268
2011-08-12,2011-08-12T09:29:47Z,2.7469,1,E,4,X,2.7469
2011-08-12,2011-08-12T10:01:44Z,2.7469,1,E,4,X,2.7469
2011-08-12,2011-08-12T10:01:44Z,2.7469,1,E,4,X,2.7469
2011-08-12,2011-08-12T11:30:14Z,2.7595,2,E,4,X,2.7595
2011-08-12,2011-08-12T14:29:36Z,2.7528,1,E,4,X,2.7528
2011-08-15,2011-08-15T13:20:02Z,2.7349,1,E,4,X,2.7349
2011-08-15,2011-08-15T13:20:06Z,2.735,5,E,4,X,2.735
2011-08-15,2011-08-15T14:13:50Z,2.7775,1,E,0,,2.7775
2011-08-15,2011-08-15T14:13:50Z,2.7775,1,E,4,X,2.7775
2011-08-15,2011-08-15T14:13:50Z,2.7775,1,E,0,,2.7775
2011-08-15,2011-08-15T14:13:50Z,2.7775,1,E,0,,2.7775
2011-08-15,2011-08-15T14:13:51Z,2.7775,1,E,0,,2.7775
2011-08-15,2011-08-15T14:13:51Z,2.7775,1,E,4,X,2.7775
2011-08-15,2011-08-15T14:13:52Z,2.7775,1,E,0,,2.7775
2011-08-15,2011-08-15T14:13:52Z,2.7775,1,E,4,X,2.7775
2011-08-15,2011-08-15T14:13:52Z,2.7775,1,E,0,,2.7775
2011-08-15,2011-08-15T14:13:52Z,2.7775,1,E,4,X,2.7775
2011-08-15,2011-08-15T14:13:52Z,2.7775,1,E,0,,2.7775
2011-08-15,2011-08-15T14:13:52Z,2.7775,1,E,4,X,2.7775
2011-08-15,2011-08-15T14:13:52Z,2.7775,1,E,0,,2.7775
2011-08-15,2011-08-15T14:13:52Z,2.7775,1,E,4,X,2.7775
2011-08-15,2011-08-15T14:13:52Z,2.7775,1,E,0,,2.7775
2011-08-15,2011-08-15T14:13:52Z,2.7775,1,E,4,X,2.7775
2011-08-15,2011-08-15T14:13:52Z,2.7775,1,E,0,,2.7775
2011-08-15,2011-08-15T14:13:52Z,2.7775,1,E,4,X,2.7775
2011-08-15,2011-08-15T14:13:52Z,2.7775,1,E,0,,2.7775
2011-08-15,2011-08-15T14:13:52Z,2.7775,1,E,4,X,2.7775
2011-08-15,2011-08-15T14:13:52Z,2.7775,1,E,0,,2.7775
2011-08-15,2011-08-15T14:13:52Z,2.7775,1,E,4,X,2.7775
2011-08-15,2011-08-15T14:13:52Z,2.7775,1,E,0,,2.7775
2011-08-15,2011-08-15T14:13:52Z,2.7775,1,E,4,X,2.7775
2011-08-15,2011-08-15T14:28:00Z,2.7775,1,E,4,X,2.7775
2011-08-15,2011-08-15T14:29:10Z,2.7775,1,E,4,X,2.7775
2011-08-15,2011-08-15T14:47:06Z,2.7775,1,E,4,X,2.7775
2011-08-15,2011-08-15T14:47:22Z,2.7775,1,E,4,X,2.7775
2011-08-17,2011-08-17T14:25:02Z,2.8099,1,E,4,X,2.8099
2011-08-18,2011-08-18T12:50:26Z,2.7347,1,E,4,X,2.7347
2011-08-18,2011-08-18T12:50:26Z,2.7329,1,E,4,X,2.7329
2011-08-18,2011-08-18T14:30:07Z,2.8129,1,E,4,X,2.8129
2011-08-19,2011-08-19T11:08:42Z,2.7662,1,E,0,,2.7662
2011-08-23,2011-08-23T10:22:27Z,2.7613,1,E,0,,2.7613
2011-08-23,2011-08-23T10:43:02Z,2.7674,1,E,0,,2.7674
2011-08-23,2011-08-23T10:43:02Z,2.765,1,E,0,,2.765
2011-08-23,2011-08-23T10:43:02Z,2.765,1,E,4,X,2.765
2011-08-23,2011-08-23T10:43:02Z,2.765,1,E,0,,2.765
2011-08-23,2011-08-23T10:43:02Z,2.765,1,E,4,X,2.765
2011-08-23,2011-08-23T10:43:02Z,2.765,1,E,0,,2.765
2011-08-23,2011-08-23T10:43:02Z,2.765,1,E,4,X,2.765
2011-08-23,2011-08-23T10:43:02Z,2.765,1,E,0,,2.765
2011-08-23,2011-08-23T10:43:02Z,2.765,1,E,4,X,2.765
2011-08-23,2011-08-23T10:43:02Z,2.765,1,E,0,,2.765
2011-08-23,2011-08-23T10:43:02Z,2.765,1,E,4,X,2.765
2011-08-23,2011-08-23T10:43:02Z,2.765,1,E,0,,2.765
2011-08-23,2011-08-23T10:43:02Z,2.765,1,E,4,X,2.765
2011-08-23,2011-08-23T10:43:03Z,2.765,1,E,0,,2.765
2011-08-23,2011-08-23T10:43:03Z,2.765,1,E,4,X,2.765
2011-08-23,2011-08-23T10:43:03Z,2.765,1,E,0,,2.765
2011-08-23,2011-08-23T10:43:03Z,2.765,1,E,4,X,2.765
2011-08-23,2011-08-23T10:43:03Z,2.765,1,E,0,,2.765
2011-08-23,2011-08-23T10:43:03Z,2.765,1,E,4,X,2.765
2011-08-23,2011-08-23T10:43:20Z,2.7669,1,E,0,,2.7669
2011-08-23,2011-08-23T10:43:20Z,2.765,1,E,0,,2.765
2011-08-23,2011-08-23T10:43:20Z,2.765,1,E,0,,2.765
2011-08-23,2011-08-23T10:43:20Z,2.765,1,E,4,X,2.765
2011-08-23,2011-08-23T10:43:20Z,2.765,1,E,0,,2.765
2011-08-23,2011-08-23T10:43:20Z,2.765,1,E,4,X,2.765
2011-08-23,2011-08-23T10:43:20Z,2.765,1,E,0,,2.765
2011-08-23,2011-08-23T10:43:20Z,2.765,1,E,4,X,2.765
2011-08-23,2011-08-23T10:43:20Z,2.765,1,E,0,,2.765
2011-08-23,2011-08-23T10:43:20Z,2.765,1,E,4,X,2.765
2011-08-23,2011-08-23T10:43:20Z,2.765,1,E,0,,2.765
2011-08-23,2011-08-23T10:43:20Z,2.765,1,E,4,X,2.765
2011-08-23,2011-08-23T10:43:20Z,2.765,1,E,0,,2.765
2011-08-23,2011-08-23T10:43:20Z,2.765,1,E,4,X,2.765
2011-08-23,2011-08-23T10:43:20Z,2.765,1,E,0,,2.765
2011-08-23,2011-08-23T10:43:20Z,2.765,1,E,4,X,2.765
2011-08-23,2011-08-23T10:43:20Z,2.765,1,E,0,,2.765
2011-08-23,2011-08-23T10:43:20Z,2.765,1,E,4,X,2.765
2011-08-23,2011-08-23T10:43:29Z,2.767,1,E,0,,2.767
2011-08-23,2011-08-23T10:43:29Z,2.767,1,E,4,X,2.767
2011-08-23,2011-08-23T10:45:31Z,2.7633,1,E,0,,2.7633
2011-08-23,2011-08-23T10:45:31Z,2.7633,1,E,0,,2.7633
2011-08-23,2011-08-23T10:45:31Z,2.7633,1,E,0,,2.7633
2011-08-23,2011-08-23T10:45:31Z,2.7632,1,E,0,,2.7632
2011-08-23,2011-08-23T10:45:31Z,2.7632,1,E,0,,2.7632
2011-08-23,2011-08-23T10:45:31Z,2.7632,1,E,0,,2.7632
2011-08-23,2011-08-23T10:45:31Z,2.7631,1,E,0,,2.7631
2011-08-23,2011-08-23T10:45:31Z,2.763,1,E,0,,2.763
2011-08-23,2011-08-23T10:45:31Z,2.763,1,E,0,,2.763
2011-08-23,2011-08-23T10:45:31Z,2.763,1,E,0,,2.763
2011-08-23,2011-08-23T10:45:31Z,2.763,1,E,4,X,2.763
2011-08-23,2011-08-23T10:45:59Z,2.764,1,E,0,,2.764
2011-08-23,2011-08-23T10:45:59Z,2.764,1,E,4,X,2.764
2011-08-23,2011-08-23T10:45:59Z,2.764,1,E,0,,2.764
2011-08-23,2011-08-23T10:45:59Z,2.764,1,E,4,X,2.764
2011-08-23,2011-08-23T10:45:59Z,2.764,1,E,0,,2.764
2011-08-23,2011-08-23T10:45:59Z,2.764,1,E,4,X,2.764
2011-08-23,2011-08-23T10:45:59Z,2.764,1,E,0,,2.764
2011-08-23,2011-08-23T10:45:59Z,2.764,1,E,4,X,2.764
2011-08-23,2011-08-23T10:46:00Z,2.764,1,E,0,,2.764
2011-08-23,2011-08-23T10:46:00Z,2.764,1,E,4,X,2.764
2011-08-23,2011-08-23T10:46:03Z,2.764,1,E,0,,2.764
2011-08-23,2011-08-23T10:46:03Z,2.764,1,E,4,X,2.764
2011-08-23,2011-08-23T10:46:03Z,2.764,1,E,0,,2.764
2011-08-23,2011-08-23T10:46:03Z,2.764,1,E,4,X,2.764
2011-08-23,2011-08-23T10:46:03Z,2.764,1,E,0,,2.764
2011-08-23,2011-08-23T10:46:03Z,2.764,1,E,4,X,2.764
2011-08-23,2011-08-23T10:46:03Z,2.764,1,E,0,,2.764
2011-08-23,2011-08-23T10:46:03Z,2.764,1,E,4,X,2.764
2011-08-23,2011-08-23T10:50:26Z,2.7655,1,E,0,,2.7655
2011-08-23,2011-08-23T10:50:26Z,2.7655,1,E,0,,2.7655
2011-08-23,2011-08-23T10:50:31Z,2.7655,1,E,0,,2.7655
2011-08-23,2011-08-23T10:50:33Z,2.7655,1,E,0,,2.7655
2011-08-23,2011-08-23T10:50:33Z,2.7655,1,E,0,,2.7655
2011-08-23,2011-08-23T10:50:33Z,2.7655,1,E,4,X,2.7655
2011-08-23,2011-08-23T10:52:39Z,2.7628,3,E,4,X,2.7628
2011-08-23,2011-08-23T10:53:12Z,2.762,1,E,0,,2.762
2011-08-23,2011-08-23T10:53:12Z,2.762,1,E,0,,2.762
2011-08-23,2011-08-23T10:53:12Z,2.762,1,E,0,,2.762
2011-08-23,2011-08-23T10:53:12Z,2.762,1,E,0,,2.762
2011-08-23,2011-08-23T10:53:12Z,2.762,1,E,0,,2.762
2011-08-23,2011-08-23T10:53:13Z,2.7624,1,E,4,X,2.7624
2011-08-24,2011-08-24T12:33:25Z,2.8228,1,E,4,X,2.8228
2011-08-24,2011-08-24T14:27:49Z,2.8073,1,E,4,X,2.8073
2011-08-24,2011-08-24T14:27:49Z,2.8072,1,E,4,X,2.8072
2011-08-24,2011-08-24T14:27:49Z,2.8072,1,E,4,X,2.8072
2011-08-24,2011-08-24T14:28:00Z,2.8072,1,E,4,X,2.8072
2011-08-24,2011-08-24T14:28:00Z,2.8072,1,E,4,X,2.8072
2011-08-24,2011-08-24T14:28:00Z,2.8072,1,E,4,X,2.8072
2011-08-25,2011-08-25T12:41:23Z,2.8088,1,E,4,X,2.8088
2011-08-25,2011-08-25T12:41:23Z,2.8088,1,E,4,X,2.8088
2011-08-25,2011-08-25T12:41:25Z,2.8032,1,E,4,X,2.8032
2011-08-25,2011-08-25T12:41:25Z,2.8032,1,E,4,X,2.8032
2011-08-25,2011-08-25T14:24:52Z,2.8076,1,E,4,X,2.8076
2011-08-25,2011-08-25T14:24:52Z,2.8098,1,E,4,X,2.8098
2011-08-26,2011-08-26T09:32:57Z,2.7933,1,E,0,,2.7933
2011-08-26,2011-08-26T09:32:57Z,2.7933,1,E,4,X,2.7933
2011-08-26,2011-08-26T09:32:58Z,2.7933,1,E,0,,2.7933
2011-08-26,2011-08-26T09:32:58Z,2.7933,1,E,0,,2.7933
2011-08-26,2011-08-26T09:32:58Z,2.7933,1,E,0,,2.7933
2011-08-26,2011-08-26T09:32:58Z,2.7933,1,E,0,,2.7933
2011-08-26,2011-08-26T09:32:58Z,2.7933,1,E,0,,2.7933
2011-08-26,2011-08-26T09:32:58Z,2.7933,1,E,0,,2.7933
2011-08-26,2011-08-26T09:32:58Z,2.7933,1,E,0,,2.7933
2011-08-26,2011-08-26T09:32:58Z,2.7933,1,E,0,,2.7933
2011-08-26,2011-08-26T09:32:58Z,2.7933,1,E,0,,2.7933
2011-08-26,2011-08-26T12:01:18Z,2.7982,1,E,4,X,2.7982
2011-08-26,2011-08-26T12:01:32Z,2.7981,5,E,4,X,2.7981
2011-08-26,2011-08-26T12:08:20Z,2.798,2,E,4,X,2.798
2011-08-26,2011-08-26T12:09:27Z,2.798,1,E,4,X,2.798
2011-08-26,2011-08-26T12:10:29Z,2.7933,1,E,4,X,2.7933
2011-08-26,2011-08-26T12:11:42Z,2.798,1,E,4,X,2.798
2011-08-26,2011-08-26T12:17:42Z,2.798,1,E,4,X,2.798
2011-08-26,2011-08-26T12:17:42Z,2.798,1,E,4,X,2.798
2011-08-26,2011-08-26T12:17:42Z,2.798,1,E,4,X,2.798
2011-08-26,2011-08-26T12:17:42Z,2.798,1,E,4,X,2.798
2011-08-26,2011-08-26T12:17:42Z,2.798,1,E,4,X,2.798
2011-08-26,2011-08-26T12:17:42Z,2.798,1,E,4,X,2.798
2011-08-26,2011-08-26T12:17:42Z,2.798,1,E,4,X,2.798
2011-08-26,2011-08-26T12:17:42Z,2.798,1,E,4,X,2.798
2011-08-26,2011-08-26T12:17:42Z,2.798,1,E,4,X,2.798
2011-08-26,2011-08-26T12:17:42Z,2.798,1,E,4,X,2.798
2011-08-26,2011-08-26T12:17:42Z,2.798,1,E,4,X,2.798
2011-08-26,2011-08-26T12:17:42Z,2.798,1,E,4,X,2.798
2011-08-26,2011-08-26T12:17:42Z,2.798,1,E,4,X,2.798
2011-08-26,2011-08-26T12:17:42Z,2.798,1,E,4,X,2.798
2011-08-26,2011-08-26T12:17:42Z,2.798,1,E,4,X,2.798
2011-08-26,2011-08-26T12:17:42Z,2.798,1,E,4,X,2.798
2011-08-26,2011-08-26T12:17:42Z,2.798,1,E,4,X,2.798
2011-08-26,2011-08-26T12:17:42Z,2.798,1,E,4,X,2.798
2011-08-26,2011-08-26T12:17:42Z,2.798,1,E,4,X,2.798
2011-08-26,2011-08-26T12:17:42Z,2.798,1,E,4,X,2.798
2011-08-26,2011-08-26T12:17:42Z,2.798,1,E,4,X,2.798
2011-08-26,2011-08-26T12:17:42Z,2.798,1,E,4,X,2.798
2011-08-26,2011-08-26T12:17:42Z,2.798,1,E,4,X,2.798
2011-08-26,2011-08-26T12:17:42Z,2.798,1,E,4,X,2.798
2011-08-26,2011-08-26T12:17:42Z,2.798,1,E,4,X,2.798
2011-08-26,2011-08-26T12:17:42Z,2.798,1,E,4,X,2.798
2011-08-26,2011-08-26T12:17:42Z,2.798,1,E,4,X,2.798
2011-08-26,2011-08-26T12:17:42Z,2.798,1,E,4,X,2.798
2011-08-26,2011-08-26T12:17:42Z,2.798,1,E,4,X,2.798
2011-08-26,2011-08-26T12:17:42Z,2.798,1,E,4,X,2.798
2011-08-26,2011-08-26T12:17:42Z,2.798,1,E,4,X,2.798
2011-08-26,2011-08-26T12:17:42Z,2.798,1,E,4,X,2.798
2011-08-26,2011-08-26T12:17:42Z,2.798,1,E,4,X,2.798
2011-08-26,2011-08-26T12:17:42Z,2.798,1,E,4,X,2.798
2011-08-26,2011-08-26T12:17:42Z,2.798,1,E,4,X,2.798
2011-08-26,2011-08-26T12:17:42Z,2.798,1,E,4,X,2.798
2011-08-26,2011-08-26T12:17:42Z,2.798,1,E,4,X,2.798
2011-08-26,2011-08-26T12:17:42Z,2.798,1,E,4,X,2.798
2011-08-26,2011-08-26T12:17:42Z,2.798,1,E,4,X,2.798
2011-08-26,2011-08-26T12:17:42Z,2.798,1,E,4,X,2.798
2011-08-26,2011-08-26T12:17:42Z,2.798,1,E,4,X,2.798
2011-08-26,2011-08-26T12:17:42Z,2.798,1,E,4,X,2.798
2011-08-26,2011-08-26T12:17:42Z,2.798,1,E,4,X,2.798
2011-08-26,2011-08-26T12:17:42Z,2.798,1,E,4,X,2.798
2011-08-26,2011-08-26T12:17:42Z,2.798,1,E,4,X,2.798
2011-08-26,2011-08-26T12:17:42Z,2.798,1,E,4,X,2.798
2011-08-26,2011-08-26T12:18:09Z,2.7933,1,E,4,X,2.7933
2011-08-26,2011-08-26T12:18:09Z,2.7933,1,E,4,X,2.7933
2011-08-26,2011-08-26T12:18:09Z,2.7933,1,E,4,X,2.7933
2011-08-26,2011-08-26T12:18:09Z,2.7933,1,E,4,X,2.7933
2011-08-26,2011-08-26T12:19:23Z,2.7933,1,E,4,X,2.7933
2011-08-26,2011-08-26T12:20:18Z,2.798,2,E,4,X,2.798
2011-08-26,2011-08-26T12:20:18Z,2.798,2,E,4,X,2.798
2011-08-26,2011-08-26T12:20:18Z,2.798,2,E,4,X,2.798
2011-08-26,2011-08-26T12:20:18Z,2.798,2,E,4,X,2.798
2011-08-26,2011-08-26T12:20:18Z,2.798,2,E,4,X,2.798
2011-08-26,2011-08-26T12:20:18Z,2.798,2,E,4,X,2.798
2011-08-26,2011-08-26T12:20:18Z,2.798,2,E,4,X,2.798
2011-08-26,2011-08-26T12:20:18Z,2.798,2,E,4,X,2.798
2011-08-26,2011-08-26T12:20:18Z,2.798,2,E,4,X,2.798
2011-08-26,2011-08-26T12:20:18Z,2.798,2,E,4,X,2.798
2011-08-26,2011-08-26T12:20:18Z,2.798,2,E,4,X,2.798
2011-08-26,2011-08-26T12:20:18Z,2.798,2,E,4,X,2.798
2011-08-26,2011-08-26T12:20:18Z,2.798,2,E,4,X,2.798
2011-08-26,2011-08-26T12:20:18Z,2.798,2,E,4,X,2.798
2011-08-26,2011-08-26T12:20:18Z,2.798,2,E,4,X,2.798
2011-08-26,2011-08-26T12:20:18Z,2.798,2,E,4,X,2.798
2011-08-26,2011-08-26T12:20:18Z,2.798,2,E,4,X,2.798
2011-08-26,2011-08-26T12:20:18Z,2.798,2,E,4,X,2.798
2011-08-26,2011-08-26T12:20:18Z,2.798,2,E,4,X,2.798
2011-08-26,2011-08-26T12:20:18Z,2.798,2,E,4,X,2.798
2011-08-26,2011-08-26T12:20:18Z,2.798,2,E,4,X,2.798
2011-08-26,2011-08-26T12:20:18Z,2.798,2,E,4,X,2.798
2011-08-26,2011-08-26T12:20:18Z,2.798,2,E,4,X,2.798
2011-08-26,2011-08-26T12:20:18Z,2.798,2,E,4,X,2.798
2011-08-26,2011-08-26T12:20:18Z,2.798,2,E,4,X,2.798
2011-08-26,2011-08-26T12:20:19Z,2.798,2,E,4,X,2.798
2011-08-26,2011-08-26T12:20:19Z,2.798,2,E,4,X,2.798
2011-08-26,2011-08-26T12:20:23Z,2.7933,5,E,4,X,2.7933
2011-08-26,2011-08-26T12:21:49Z,2.798,1,E,4,X,2.798
2011-08-26,2011-08-26T12:21:49Z,2.798,1,E,4,X,2.798
2011-08-26,2011-08-26T12:21:49Z,2.798,1,E,4,X,2.798
2011-08-26,2011-08-26T12:21:49Z,2.798,1,E,4,X,2.798
2011-08-26,2011-08-26T12:21:49Z,2.798,1,E,4,X,2.798
2011-08-26,2011-08-26T12:21:49Z,2.798,1,E,4,X,2.798
2011-08-26,2011-08-26T12:21:49Z,2.798,1,E,4,X,2.798
2011-08-26,2011-08-26T12:21:49Z,2.798,1,E,4,X,2.798
2011-08-26,2011-08-26T12:21:49Z,2.798,1,E,4,X,2.798
2011-08-26,2011-08-26T12:21:49Z,2.798,1,E,4,X,2.798
2011-08-26,2011-08-26T12:21:49Z,2.798,1,E,4,X,2.798
2011-08-26,2011-08-26T12:21:49Z,2.798,1,E,4,X,2.798
2011-08-26,2011-08-26T12:21:49Z,2.798,1,E,4,X,2.798
2011-08-26,2011-08-26T12:21:49Z,2.798,1,E,4,X,2.798
2011-08-26,2011-08-26T12:21:49Z,2.798,1,E,4,X,2.798
2011-08-26,2011-08-26T12:21:49Z,2.798,1,E,4,X,2.798
2011-08-26,2011-08-26T12:21:49Z,2.798,1,E,4,X,2.798
2011-08-26,2011-08-26T12:21:49Z,2.798,1,E,4,X,2.798
2011-08-26,2011-08-26T12:21:49Z,2.798,1,E,4,X,2.798
2011-08-26,2011-08-26T12:21:49Z,2.798,1,E,4,X,2.798
2011-08-26,2011-08-26T12:21:49Z,2.798,1,E,4,X,2.798
2011-08-26,2011-08-26T12:21:49Z,2.798,1,E,4,X,2.798
2011-08-26,2011-08-26T12:21:49Z,2.798,1,E,4,X,2.798
2011-08-26,2011-08-26T12:21:49Z,2.798,1,E,4,X,2.798
2011-08-26,2011-08-26T12:21:49Z,2.798,1,E,4,X,2.798
2011-08-26,2011-08-26T12:21:49Z,2.798,1,E,4,X,2.798
2011-08-26,2011-08-26T12:21:49Z,2.798,1,E,4,X,2.798
2011-08-26,2011-08-26T12:21:49Z,2.798,1,E,4,X,2.798
2011-08-26,2011-08-26T12:21:49Z,2.798,1,E,4,X,2.798
2011-08-26,2011-08-26T12:21:49Z,2.798,1,E,4,X,2.798
2011-08-26,2011-08-26T12:21:49Z,2.798,1,E,4,X,2.798
2011-08-26,2011-08-26T12:21:49Z,2.798,1,E,4,X,2.798
2011-08-26,2011-08-26T12:21:49Z,2.798,1,E,4,X,2.798
2011-08-26,2011-08-26T12:21:49Z,2.798,1,E,4,X,2.798
2011-08-26,2011-08-26T12:21:49Z,2.798,1,E,4,X,2.798
2011-08-26,2011-08-26T12:21:49Z,2.798,1,E,4,X,2.798
2011-08-26,2011-08-26T12:21:49Z,2.798,1,E,4,X,2.798
2011-08-26,2011-08-26T12:21:49Z,2.798,1,E,4,X,2.798
2011-08-26,2011-08-26T12:21:49Z,2.798,1,E,4,X,2.798
2011-08-26,2011-08-26T12:21:49Z,2.798,1,E,4,X,2.798
2011-08-26,2011-08-26T12:21:49Z,2.798,1,E,4,X,2.798
2011-08-26,2011-08-26T12:21:49Z,2.798,1,E,4,X,2.798
2011-08-26,2011-08-26T12:21:49Z,2.798,1,E,4,X,2.798
2011-08-26,2011-08-26T12:21:49Z,2.798,1,E,4,X,2.798
2011-08-26,2011-08-26T12:21:49Z,2.798,1,E,4,X,2.798
2011-08-26,2011-08-26T12:21:49Z,2.798,1,E,4,X,2.798
2011-08-26,2011-08-26T12:25:49Z,2.7933,1,E,4,X,2.7933
2011-08-26,2011-08-26T12:25:49Z,2.7933,1,E,4,X,2.7933
2011-08-26,2011-08-26T12:25:49Z,2.7933,1,E,4,X,2.7933
2011-08-26,2011-08-26T12:25:49Z,2.7933,1,E,4,X,2.7933
2011-08-26,2011-08-26T12:25:49Z,2.7933,1,E,4,X,2.7933
2011-08-26,2011-08-26T12:25:53Z,2.7933,1,E,4,X,2.7933
2011-08-26,2011-08-26T12:25:53Z,2.7933,1,E,4,X,2.7933
2011-08-26,2011-08-26T12:25:53Z,2.7933,1,E,4,X,2.7933
2011-08-26,2011-08-26T12:25:53Z,2.7933,1,E,4,X,2.7933
2011-08-26,2011-08-26T12:25:53Z,2.7933,1,E,4,X,2.7933
2011-08-26,2011-08-26T12:25:58Z,2.7933,1,E,4,X,2.7933
2011-08-26,2011-08-26T12:25:58Z,2.7933,1,E,4,X,2.7933
2011-08-26,2011-08-26T12:25:58Z,2.7933,1,E,4,X,2.7933
2011-08-26,2011-08-26T12:25:58Z,2.7933,1,E,4,X,2.7933
2011-08-26,2011-08-26T12:25:58Z,2.7933,1,E,4,X,2.7933
2011-08-26,2011-08-26T12:26:06Z,2.798,2,E,4,X,2.798
2011-08-26,2011-08-26T12:26:06Z,2.798,2,E,4,X,2.798
2011-08-26,2011-08-26T12:26:06Z,2.798,2,E,4,X,2.798
2011-08-26,2011-08-26T12:26:06Z,2.798,2,E,4,X,2.798
2011-08-26,2011-08-26T12:26:06Z,2.798,2,E,4,X,2.798
2011-08-26,2011-08-26T12:26:06Z,2.798,2,E,4,X,2.798
2011-08-26,2011-08-26T12:26:06Z,2.798,2,E,4,X,2.798
2011-08-26,2011-08-26T12:26:06Z,2.798,1,E,4,X,2.798
2011-08-26,2011-08-26T12:27:10Z,2.798,1,E,4,X,2.798
2011-08-26,2011-08-26T12:27:10Z,2.798,2,E,4,X,2.798
2011-08-26,2011-08-26T12:27:10Z,2.798,2,E,4,X,2.798
2011-08-26,2011-08-26T12:27:10Z,2.798,2,E,4,X,2.798
2011-08-26,2011-08-26T12:27:10Z,2.798,2,E,4,X,2.798
2011-08-26,2011-08-26T12:27:10Z,2.798,2,E,4,X,2.798
2011-08-26,2011-08-26T12:27:10Z,2.798,2,E,4,X,2.798
2011-08-26,2011-08-26T12:27:10Z,2.798,2,E,4,X,2.798
2011-08-26,2011-08-26T12:27:10Z,2.798,2,E,4,X,2.798
2011-08-26,2011-08-26T12:27:10Z,2.798,2,E,4,X,2.798
2011-08-26,2011-08-26T12:27:10Z,2.798,2,E,4,X,2.798
2011-08-26,2011-08-26T12:27:10Z,2.798,2,E,4,X,2.798
2011-08-26,2011-08-26T12:27:10Z,2.798,2,E,4,X,2.798
2011-08-26,2011-08-26T12:27:10Z,2.798,2,E,4,X,2.798
2011-08-26,2011-08-26T12:27:10Z,2.798,2,E,4,X,2.798
2011-08-26,2011-08-26T12:27:10Z,2.798,2,E,4,X,2.798
2011-08-26,2011-08-26T12:27:10Z,2.798,2,E,4,X,2.798
2011-08-26,2011-08-26T12:27:10Z,2.798,2,E,4,X,2.798
2011-08-26,2011-08-26T12:27:10Z,2.798,2,E,4,X,2.798
2011-08-26,2011-08-26T12:27:10Z,2.798,2,E,4,X,2.798
2011-08-26,2011-08-26T12:27:10Z,2.798,2,E,4,X,2.798
2011-08-26,2011-08-26T12:27:10Z,2.798,2,E,4,X,2.798
2011-08-26,2011-08-26T12:27:10Z,2.798,2,E,4,X,2.798
2011-08-26,2011-08-26T12:27:10Z,2.798,2,E,4,X,2.798
2011-08-26,2011-08-26T12:27:10Z,2.798,2,E,4,X,2.798
2011-08-26,2011-08-26T12:27:10Z,2.798,1,E,4,X,2.798
2011-08-26,2011-08-26T12:27:12Z,2.798,1,E,4,X,2.798
2011-08-26,2011-08-26T12:27:12Z,2.798,2,E,4,X,2.798
2011-08-26,2011-08-26T12:27:12Z,2.798,2,E,4,X,2.798
2011-08-26,2011-08-26T12:27:12Z,2.798,2,E,4,X,2.798
2011-08-26,2011-08-26T12:27:12Z,2.798,2,E,4,X,2.798
2011-08-26,2011-08-26T12:27:12Z,2.798,2,E,4,X,2.798
2011-08-26,2011-08-26T12:27:12Z,2.798,2,E,4,X,2.798
2011-08-26,2011-08-26T12:27:12Z,2.798,2,E,4,X,2.798
2011-08-26,2011-08-26T12:27:12Z,2.798,2,E,4,X,2.798
2011-08-26,2011-08-26T12:27:12Z,2.798,2,E,4,X,2.798
2011-08-26,2011-08-26T12:27:12Z,2.798,2,E,4,X,2.798
2011-08-26,2011-08-26T12:27:12Z,2.798,2,E,4,X,2.798
2011-08-26,2011-08-26T12:27:12Z,2.798,2,E,4,X,2.798
2011-08-26,2011-08-26T12:27:12Z,2.798,2,E,4,X,2.798
2011-08-26,2011-08-26T12:27:12Z,2.798,2,E,4,X,2.798
2011-08-26,2011-08-26T12:27:12Z,2.798,2,E,4,X,2.798
2011-08-26,2011-08-26T12:27:12Z,2.798,2,E,4,X,2.798
2011-08-26,2011-08-26T12:27:12Z,2.798,2,E,4,X,2.798
2011-08-26,2011-08-26T12:27:12Z,2.798,2,E,4,X,2.798
2011-08-26,2011-08-26T12:27:12Z,2.798,2,E,4,X,2.798
2011-08-26,2011-08-26T12:27:12Z,2.798,2,E,4,X,2.798
2011-08-26,2011-08-26T12:27:12Z,2.798,2,E,4,X,2.798
2011-08-26,2011-08-26T12:27:12Z,2.798,2,E,4,X,2.798
2011-08-26,2011-08-26T12:27:12Z,2.798,2,E,4,X,2.798
2011-08-26,2011-08-26T12:27:12Z,2.798,2,E,4,X,2.798
2011-08-26,2011-08-26T12:27:12Z,2.798,1,E,4,X,2.798
2011-08-26,2011-08-26T12:27:14Z,2.798,1,E,4,X,2.798
2011-08-26,2011-08-26T12:27:14Z,2.798,2,E,4,X,2.798
2011-08-26,2011-08-26T12:27:14Z,2.798,2,E,4,X,2.798
2011-08-26,2011-08-26T12:27:14Z,2.798,2,E,4,X,2.798
2011-08-26,2011-08-26T12:27:14Z,2.798,2,E,4,X,2.798
2011-08-26,2011-08-26T12:27:14Z,2.798,2,E,4,X,2.798
2011-08-26,2011-08-26T12:27:14Z,2.798,2,E,4,X,2.798
2011-08-26,2011-08-26T12:27:14Z,2.798,2,E,4,X,2.798
2011-08-26,2011-08-26T12:27:14Z,2.798,2,E,4,X,2.798
2011-08-26,2011-08-26T12:27:14Z,2.798,2,E,4,X,2.798
2011-08-26,2011-08-26T12:27:14Z,2.798,2,E,4,X,2.798
2011-08-26,2011-08-26T12:27:14Z,2.798,2,E,4,X,2.798
2011-08-26,2011-08-26T12:27:14Z,2.798,2,E,4,X,2.798
2011-08-26,2011-08-26T12:27:14Z,2.798,2,E,4,X,2.798
2011-08-26,2011-08-26T12:27:14Z,2.798,2,E,4,X,2.798
2011-08-26,2011-08-26T12:27:14Z,2.798,2,E,4,X,2.798
2011-08-26,2011-08-26T12:27:14Z,2.798,2,E,4,X,2.798
2011-08-26,2011-08-26T12:27:14Z,2.798,2,E,4,X,2.798
2011-08-26,2011-08-26T12:27:14Z,2.798,2,E,4,X,2.798
2011-08-26,2011-08-26T12:27:14Z,2.798,2,E,4,X,2.798
2011-08-26,2011-08-26T12:56:46Z,2.798,1,E,4,X,2.798
2011-08-26,2011-08-26T12:56:46Z,2.798,1,E,4,X,2.798
2011-08-26,2011-08-26T12:56:46Z,2.798,1,E,4,X,2.798
2011-08-26,2011-08-26T12:56:46Z,2.798,1,E,4,X,2.798
2011-08-26,2011-08-26T12:56:46Z,2.798,1,E,4,X,2.798
2011-08-26,2011-08-26T12:56:46Z,2.798,1,E,4,X,2.798
2011-08-26,2011-08-26T12:56:46Z,2.798,1,E,4,X,2.798
2011-08-26,2011-08-26T12:56:46Z,2.798,1,E,4,X,2.798
2011-08-26,2011-08-26T12:56:46Z,2.798,1,E,4,X,2.798
2011-08-26,2011-08-26T12:56:46Z,2.798,1,E,4,X,2.798
2011-08-26,2011-08-26T12:56:46Z,2.798,1,E,4,X,2.798
2011-08-26,2011-08-26T12:56:48Z,2.7981,1,E,4,X,2.7981
2011-08-26,2011-08-26T12:56:48Z,2.7981,1,E,4,X,2.7981
2011-08-26,2011-08-26T12:56:48Z,2.7981,1,E,4,X,2.7981
2011-08-26,2011-08-26T12:56:48Z,2.7981,1,E,4,X,2.7981
2011-08-26,2011-08-26T12:56:48Z,2.7981,1,E,4,X,2.7981
2011-08-26,2011-08-26T12:56:49Z,2.7981,1,E,4,X,2.7981
2011-08-26,2011-08-26T12:56:49Z,2.7981,1,E,4,X,2.7981
2011-08-26,2011-08-26T12:56:49Z,2.7981,1,E,4,X,2.7981
2011-08-26,2011-08-26T12:56:49Z,2.7981,1,E,4,X,2.7981
2011-08-26,2011-08-26T12:56:49Z,2.7981,1,E,4,X,2.7981
2011-08-26,2011-08-26T12:56:49Z,2.7981,1,E,4,X,2.7981
2011-08-26,2011-08-26T12:56:49Z,2.7981,1,E,4,X,2.7981
2011-08-26,2011-08-26T12:56:49Z,2.7981,1,E,4,X,2.7981
2011-08-26,2011-08-26T12:56:49Z,2.7981,1,E,4,X,2.7981
2011-08-26,2011-08-26T12:56:49Z,2.7981,1,E,4,X,2.7981
2011-08-26,2011-08-26T12:56:49Z,2.7981,1,E,4,X,2.7981
2011-08-26,2011-08-26T12:56:49Z,2.7981,1,E,4,X,2.7981
2011-08-26,2011-08-26T12:56:49Z,2.7981,1,E,4,X,2.7981
2011-08-26,2011-08-26T12:56:49Z,2.7981,1,E,4,X,2.7981
2011-08-26,2011-08-26T12:56:49Z,2.7981,1,E,4,X,2.7981
2011-08-26,2011-08-26T12:56:49Z,2.7981,1,E,4,X,2.7981
2011-08-26,2011-08-26T12:56:49Z,2.7981,1,E,4,X,2.7981
2011-08-26,2011-08-26T12:56:49Z,2.7981,1,E,4,X,2.7981
2011-08-26,2011-08-26T12:56:49Z,2.7981,1,E,4,X,2.7981
2011-08-26,2011-08-26T12:56:49Z,2.7981,1,E,4,X,2.7981
2011-08-26,2011-08-26T12:56:50Z,2.7981,1,E,4,X,2.7981
2011-08-26,2011-08-26T12:56:50Z,2.7981,1,E,4,X,2.7981
2011-08-26,2011-08-26T12:56:50Z,2.7981,1,E,4,X,2.7981
2011-08-26,2011-08-26T12:56:50Z,2.7981,1,E,4,X,2.7981
2011-08-26,2011-08-26T12:56:50Z,2.7981,1,E,4,X,2.7981
2011-08-26,2011-08-26T12:56:50Z,2.7981,1,E,4,X,2.7981
2011-08-26,2011-08-26T12:56:50Z,2.7981,1,E,4,X,2.7981
2011-08-26,2011-08-26T12:56:50Z,2.7981,1,E,4,X,2.7981
2011-08-26,2011-08-26T12:56:50Z,2.7981,1,E,4,X,2.7981
2011-08-26,2011-08-26T12:56:50Z,2.7981,1,E,4,X,2.7981
2011-08-26,2011-08-26T12:56:50Z,2.7981,1,E,4,X,2.7981
2011-08-26,2011-08-26T12:56:50Z,2.7981,1,E,4,X,2.7981
2011-08-26,2011-08-26T12:56:50Z,2.7981,1,E,4,X,2.7981
2011-08-26,2011-08-26T12:56:50Z,2.7981,1,E,4,X,2.7981
2011-08-26,2011-08-26T12:56:50Z,2.7981,1,E,4,X,2.7981
2011-08-26,2011-08-26T12:56:50Z,2.7981,1,E,4,X,2.7981
2011-08-26,2011-08-26T12:56:50Z,2.7981,1,E,4,X,2.7981
2011-08-26,2011-08-26T12:56:50Z,2.7981,1,E,4,X,2.7981
2011-08-26,2011-08-26T12:56:50Z,2.7981,1,E,4,X,2.7981
2011-08-26,2011-08-26T12:56:50Z,2.7981,1,E,4,X,2.7981
2011-08-26,2011-08-26T12:56:50Z,2.7981,1,E,4,X,2.7981
2011-08-26,2011-08-26T12:56:50Z,2.7981,1,E,4,X,2.7981
2011-08-26,2011-08-26T12:56:50Z,2.7981,1,E,4,X,2.7981
2011-08-26,2011-08-26T12:56:50Z,2.7981,1,E,4,X,2.7981
2011-08-26,2011-08-26T12:56:50Z,2.7981,1,E,4,X,2.7981
2011-08-26,2011-08-26T12:57:42Z,2.7933,1,E,4,X,2.7933
2011-08-26,2011-08-26T12:57:43Z,2.7933,1,E,4,X,2.7933
2011-08-26,2011-08-26T12:57:43Z,2.7933,1,E,4,X,2.7933
2011-08-26,2011-08-26T12:57:43Z,2.7933,1,E,4,X,2.7933
2011-08-26,2011-08-26T12:57:43Z,2.7933,1,E,4,X,2.7933
2011-08-26,2011-08-26T12:57:43Z,2.7933,1,E,4,X,2.7933
2011-08-26,2011-08-26T12:57:43Z,2.7933,1,E,4,X,2.7933
2011-08-26,2011-08-26T12:57:44Z,2.7933,1,E,4,X,2.7933
2011-08-26,2011-08-26T12:57:44Z,2.7933,1,E,4,X,2.7933
2011-08-26,2011-08-26T12:57:48Z,2.7933,1,E,4,X,2.7933
2011-08-26,2011-08-26T12:57:48Z,2.7933,1,E,4,X,2.7933
2011-08-26,2011-08-26T12:57:48Z,2.7933,1,E,4,X,2.7933
2011-08-26,2011-08-26T12:57:48Z,2.7933,1,E,4,X,2.7933
2011-08-26,2011-08-26T12:57:48Z,2.7933,1,E,4,X,2.7933
2011-08-26,2011-08-26T12:57:55Z,2.7933,1,E,4,X,2.7933
2011-08-26,2011-08-26T12:57:55Z,2.7933,1,E,4,X,2.7933
2011-08-26,2011-08-26T12:57:55Z,2.7933,1,E,4,X,2.7933
2011-08-26,2011-08-26T12:57:55Z,2.7933,1,E,4,X,2.7933
2011-08-26,2011-08-26T12:57:55Z,2.7933,1,E,4,X,2.7933
2011-08-26,2011-08-26T12:58:14Z,2.7933,1,E,4,X,2.7933
2011-08-26,2011-08-26T12:58:14Z,2.7933,1,E,4,X,2.7933
2011-08-26,2011-08-26T12:58:14Z,2.7933,1,E,4,X,2.7933
2011-08-26,2011-08-26T12:58:14Z,2.7933,1,E,4,X,2.7933
2011-08-26,2011-08-26T12:58:14Z,2.7933,1,E,4,X,2.7933
2011-08-26,2011-08-26T12:58:14Z,2.7933,1,E,4,X,2.7933
2011-08-26,2011-08-26T12:58:14Z,2.7933,1,E,4,X,2.7933
2011-08-26,2011-08-26T13:25:50Z,2.7933,1,E,4,X,2.7933
2011-08-26,2011-08-26T13:25:50Z,2.7933,1,E,4,X,2.7933
2011-08-26,2011-08-26T13:25:50Z,2.7933,1,E,4,X,2.7933
2011-08-26,2011-08-26T13:25:50Z,2.7933,1,E,4,X,2.7933
2011-08-26,2011-08-26T13:25:50Z,2.7933,1,E,4,X,2.7933
2011-08-26,2011-08-26T13:25:50Z,2.7933,1,E,4,X,2.7933
2011-08-26,2011-08-26T13:25:50Z,2.7933,1,E,4,X,2.7933
2011-08-26,2011-08-26T13:25:50Z,2.7933,1,E,4,X,2.7933
2011-08-26,2011-08-26T13:25:50Z,2.7933,1,E,4,X,2.7933
2011-08-26,2011-08-26T13:41:04Z,2.7989,1,E,4,X,2.7989
2011-08-26,2011-08-26T13:41:04Z,2.7989,1,E,4,X,2.7989
2011-08-26,2011-08-26T13:41:08Z,2.7989,1,E,4,X,2.7989
2011-08-26,2011-08-26T13:41:08Z,2.7989,1,E,4,X,2.7989
2011-08-26,2011-08-26T13:41:25Z,2.7933,1,E,4,X,2.7933
2011-08-26,2011-08-26T13:41:54Z,2.7933,1,E,4,X,2.7933
2011-08-26,2011-08-26T13:41:59Z,2.7933,1,E,4,X,2.7933
2011-08-26,2011-08-26T13:41:59Z,2.7933,1,E,4,X,2.7933
2011-08-26,2011-08-26T13:41:59Z,2.7933,1,E,4,X,2.7933
2011-08-26,2011-08-26T13:51:56Z,2.7933,2,E,4,X,2.7933
2011-08-26,2011-08-26T13:51:56Z,2.7933,2,E,4,X,2.7933
2011-08-26,2011-08-26T13:51:56Z,2.7933,1,E,4,X,2.7933
2011-08-26,2011-08-26T13:51:56Z,2.7933,1,E,4,X,2.7933
2011-08-26,2011-08-26T13:51:56Z,2.7933,1,E,4,X,2.7933
2011-08-26,2011-08-26T13:51:56Z,2.7933,1,E,4,X,2.7933
2011-08-26,2011-08-26T13:51:56Z,2.7933,1,E,4,X,2.7933
2011-08-26,2011-08-26T13:51:56Z,2.7933,1,E,4,X,2.7933
2011-08-26,2011-08-26T13:51:56Z,2.7933,1,E,4,X,2.7933
2011-08-26,2011-08-26T13:51:56Z,2.7933,1,E,4,X,2.7933
2011-08-26,2011-08-26T13:51:56Z,2.7933,1,E,4,X,2.7933
2011-08-26,2011-08-26T13:51:56Z,2.7933,1,E,4,X,2.7933
2011-08-26,2011-08-26T13:51:56Z,2.7933,1,E,4,X,2.7933
2011-08-26,2011-08-26T13:51:56Z,2.7933,1,E,4,X,2.7933
2011-08-26,2011-08-26T13:51:56Z,2.7933,1,E,4,X,2.7933
2011-08-26,2011-08-26T13:51:56Z,2.7933,1,E,4,X,2.7933
2011-08-26,2011-08-26T13:51:56Z,2.7933,1,E,4,X,2.7933
2011-08-26,2011-08-26T13:51:56Z,2.7933,1,E,4,X,2.7933
2011-08-26,2011-08-26T13:51:56Z,2.7933,1,E,4,X,2.7933
2011-08-26,2011-08-26T13:51:56Z,2.7933,1,E,4,X,2.7933
2011-08-26,2011-08-26T13:51:56Z,2.7933,1,E,4,X,2.7933
2011-08-26,2011-08-26T13:51:56Z,2.7933,1,E,4,X,2.7933
2011-08-26,2011-08-26T13:51:56Z,2.7933,1,E,4,X,2.7933
2011-08-26,2011-08-26T13:51:56Z,2.7933,1,E,4,X,2.7933
2011-08-26,2011-08-26T13:51:56Z,2.7933,1,E,4,X,2.7933
2011-08-26,2011-08-26T13:51:56Z,2.7933,1,E,4,X,2.7933
2011-08-26,2011-08-26T13:51:56Z,2.7933,1,E,4,X,2.7933
2011-08-26,2011-08-26T13:51:56Z,2.7933,1,E,4,X,2.7933
2011-08-26,2011-08-26T13:51:56Z,2.7933,1,E,4,X,2.7933
2011-08-26,2011-08-26T13:51:56Z,2.7933,1,E,4,X,2.7933
2011-08-26,2011-08-26T13:51:56Z,2.7933,1,E,4,X,2.7933
2011-08-26,2011-08-26T13:51:56Z,2.7933,1,E,4,X,2.7933
2011-08-26,2011-08-26T13:51:56Z,2.7933,1,E,4,X,2.7933
2011-08-26,2011-08-26T13:51:56Z,2.7933,1,E,4,X,2.7933
2011-08-26,2011-08-26T13:51:56Z,2.7933,1,E,4,X,2.7933
2011-08-26,2011-08-26T13:51:56Z,2.7933,1,E,4,X,2.7933
2011-08-26,2011-08-26T13:51:56Z,2.7933,1,E,4,X,2.7933
2011-08-26,2011-08-26T13:51:56Z,2.7933,1,E,4,X,2.7933
2011-08-26,2011-08-26T13:51:56Z,2.7933,1,E,4,X,2.7933
2011-08-26,2011-08-26T13:51:56Z,2.7933,1,E,4,X,2.7933
2011-08-26,2011-08-26T13:51:56Z,2.7933,1,E,4,X,2.7933
2011-08-26,2011-08-26T13:51:56Z,2.7933,1,E,4,X,2.7933
2011-08-26,2011-08-26T13:51:56Z,2.7933,1,E,4,X,2.7933
2011-08-26,2011-08-26T13:51:56Z,2.7933,1,E,4,X,2.7933
2011-08-26,2011-08-26T13:51:56Z,2.7933,1,E,4,X,2.7933
2011-08-26,2011-08-26T13:51:56Z,2.7933,1,E,4,X,2.7933
2011-08-26,2011-08-26T13:51:56Z,2.7933,1,E,4,X,2.7933
2011-08-26,2011-08-26T13:51:56Z,2.7933,1,E,4,X,2.7933
2011-08-26,2011-08-26T13:51:59Z,2.7933,1,E,4,X,2.7933
2011-08-26,2011-08-26T13:51:59Z,2.7933,1,E,4,X,2.7933
2011-08-26,2011-08-26T13:51:59Z,2.7933,1,E,4,X,2.7933
2011-08-26,2011-08-26T13:51:59Z,2.7933,1,E,4,X,2.7933
2011-08-26,2011-08-26T13:51:59Z,2.7933,1,E,4,X,2.7933
2011-08-26,2011-08-26T13:51:59Z,2.7933,1,E,4,X,2.7933
2011-08-26,2011-08-26T13:51:59Z,2.7933,1,E,4,X,2.7933
2011-08-26,2011-08-26T13:51:59Z,2.7933,1,E,4,X,2.7933
2011-08-26,2011-08-26T13:51:59Z,2.7933,1,E,4,X,2.7933
2011-08-26,2011-08-26T13:51:59Z,2.7933,1,E,4,X,2.7933
2011-08-26,2011-08-26T13:51:59Z,2.7933,1,E,4,X,2.7933
2011-08-26,2011-08-26T13:51:59Z,2.7933,1,E,4,X,2.7933
2011-08-26,2011-08-26T13:51:59Z,2.7933,1,E,4,X,2.7933
2011-08-26,2011-08-26T13:51:59Z,2.7933,1,E,4,X,2.7933
2011-08-26,2011-08-26T13:51:59Z,2.7933,1,E,4,X,2.7933
2011-08-26,2011-08-26T13:51:59Z,2.7933,1,E,4,X,2.7933
2011-08-26,2011-08-26T13:51:59Z,2.7933,1,E,4,X,2.7933
2011-08-26,2011-08-26T13:51:59Z,2.7933,1,E,4,X,2.7933
2011-08-26,2011-08-26T13:51:59Z,2.7933,1,E,4,X,2.7933
2011-08-26,2011-08-26T13:51:59Z,2.7933,1,E,4,X,2.7933
2011-08-26,2011-08-26T13:51:59Z,2.7933,1,E,4,X,2.7933
2011-08-26,2011-08-26T13:51:59Z,2.7933,1,E,4,X,2.7933
2011-08-26,2011-08-26T13:51:59Z,2.7933,1,E,4,X,2.7933
2011-08-26,2011-08-26T13:51:59Z,2.7933,1,E,4,X,2.7933
2011-08-26,2011-08-26T13:51:59Z,2.7933,1,E,4,X,2.7933
2011-08-26,2011-08-26T13:51:59Z,2.7933,1,E,4,X,2.7933
2011-08-26,2011-08-26T13:51:59Z,2.7933,1,E,4,X,2.7933
2011-08-26,2011-08-26T13:51:59Z,2.7933,1,E,4,X,2.7933
2011-08-26,2011-08-26T13:51:59Z,2.7933,1,E,4,X,2.7933
2011-08-26,2011-08-26T13:51:59Z,2.7933,1,E,4,X,2.7933
2011-08-26,2011-08-26T13:51:59Z,2.7933,1,E,4,X,2.7933
2011-08-26,2011-08-26T13:51:59Z,2.7933,1,E,4,X,2.7933
2011-08-26,2011-08-26T13:51:59Z,2.7933,1,E,4,X,2.7933
2011-08-26,2011-08-26T13:51:59Z,2.7933,1,E,4,X,2.7933
2011-08-26,2011-08-26T13:51:59Z,2.7933,1,E,4,X,2.7933
2011-08-26,2011-08-26T13:51:59Z,2.7933,1,E,4,X,2.7933
2011-08-26,2011-08-26T13:51:59Z,2.7933,1,E,4,X,2.7933
2011-08-26,2011-08-26T13:51:59Z,2.7933,1,E,4,X,2.7933
2011-08-26,2011-08-26T13:51:59Z,2.7933,1,E,4,X,2.7933
2011-08-26,2011-08-26T13:51:59Z,2.7933,1,E,4,X,2.7933
2011-08-26,2011-08-26T13:51:59Z,2.7933,1,E,4,X,2.7933
2011-08-26,2011-08-26T13:51:59Z,2.7933,1,E,4,X,2.7933
2011-08-26,2011-08-26T13:51:59Z,2.7933,1,E,4,X,2.7933
2011-08-26,2011-08-26T13:51:59Z,2.7933,1,E,4,X,2.7933
2011-08-26,2011-08-26T13:51:59Z,2.7933,1,E,4,X,2.7933
2011-08-26,2011-08-26T14:04:14Z,2.7933,2,E,4,X,2.7933
2011-08-26,2011-08-26T14:04:14Z,2.7933,2,E,4,X,2.7933
2011-08-26,2011-08-26T14:04:14Z,2.7933,5,E,4,X,2.7933
2011-08-26,2011-08-26T14:12:22Z,2.7933,1,E,4,X,2.7933
2011-08-26,2011-08-26T14:29:00Z,2.7933,1,E,4,X,2.7933
2011-08-26,2011-08-26T14:29:00Z,2.7933,1,E,4,X,2.7933
2011-08-26,2011-08-26T14:29:00Z,2.7933,1,E,4,X,2.7933
2011-08-26,2011-08-26T14:29:00Z,2.7933,1,E,4,X,2.7933
2011-08-26,2011-08-26T14:29:00Z,2.7933,1,E,4,X,2.7933
2011-08-26,2011-08-26T14:29:00Z,2.7933,1,E,4,X,2.7933
2011-08-26,2011-08-26T14:29:00Z,2.7933,1,E,4,X,2.7933
2011-08-26,2011-08-26T14:29:00Z,2.7933,1,E,4,X,2.7933
2011-08-26,2011-08-26T14:29:00Z,2.7933,1,E,4,X,2.7933
2011-08-26,2011-08-26T14:29:00Z,2.7933,1,E,4,X,2.7933
2011-08-26,2011-08-26T14:29:00Z,2.7933,1,E,4,X,2.7933
2011-08-26,2011-08-26T14:29:00Z,2.7933,1,E,4,X,2.7933
2011-08-26,2011-08-26T14:29:00Z,2.7933,1,E,4,X,2.7933
2011-08-26,2011-08-26T14:29:00Z,2.7933,1,E,4,X,2.7933
2011-08-26,2011-08-26T14:29:00Z,2.7933,1,E,4,X,2.7933
2011-08-26,2011-08-26T14:29:00Z,2.7933,1,E,4,X,2.7933
2011-08-26,2011-08-26T14:29:00Z,2.7933,1,E,4,X,2.7933
2011-08-26,2011-08-26T14:29:00Z,2.7933,1,E,4,X,2.7933
2011-08-26,2011-08-26T14:29:00Z,2.7933,1,E,4,X,2.7933
2011-08-26,2011-08-26T14:29:00Z,2.7933,1,E,4,X,2.7933
2011-08-30,2011-08-30T09:24:03Z,2.8231,2,E,4,X,2.8231
2011-08-30,2011-08-30T09:52:02Z,2.8433,1,E,4,X,2.8433
2011-08-30,2011-08-30T10:22:46Z,2.8261,47,E,4,X,2.8261
2011-08-30,2011-08-30T10:36:23Z,2.85,1,E,4,X,2.85
2011-08-30,2011-08-30T10:36:23Z,2.8098,1,E,4,X,2.8098
2011-08-30,2011-08-30T10:36:23Z,2.85,1,E,4,X,2.85
2011-08-30,2011-08-30T10:36:23Z,2.8098,1,E,4,X,2.8098
2011-08-30,2011-08-30T10:36:23Z,2.85,1,E,4,X,2.85
2011-08-30,2011-08-30T10:36:23Z,2.8098,1,E,4,X,2.8098
2011-08-30,2011-08-30T10:36:24Z,2.85,1,E,4,X,2.85
2011-08-30,2011-08-30T10:36:24Z,2.8098,1,E,4,X,2.8098
2011-08-30,2011-08-30T10:36:24Z,2.85,1,E,4,X,2.85
2011-08-30,2011-08-30T10:36:24Z,2.8098,1,E,4,X,2.8098
2011-08-30,2011-08-30T10:36:24Z,2.85,1,E,4,X,2.85
2011-08-30,2011-08-30T10:36:24Z,2.8098,1,E,4,X,2.8098
2011-08-30,2011-08-30T10:36:24Z,2.85,1,E,4,X,2.85
2011-08-30,2011-08-30T10:36:24Z,2.8098,1,E,4,X,2.8098
2011-08-30,2011-08-30T10:36:24Z,2.85,1,E,4,X,2.85
2011-08-30,2011-08-30T10:36:24Z,2.8098,1,E,4,X,2.8098
2011-08-30,2011-08-30T10:45:08Z,2.85,1,E,4,X,2.85
2011-08-30,2011-08-30T10:45:08Z,2.8098,1,E,4,X,2.8098
2011-08-30,2011-08-30T10:45:18Z,2.85,1,E,4,X,2.85
2011-08-30,2011-08-30T10:45:18Z,2.8098,1,E,4,X,2.8098
2011-08-30,2011-08-30T10:45:18Z,2.85,1,E,4,X,2.85
2011-08-30,2011-08-30T10:45:18Z,2.8098,1,E,4,X,2.8098
2011-08-30,2011-08-30T11:59:21Z,2.8098,1,E,4,X,2.8098
2011-08-30,2011-08-30T11:59:21Z,2.8098,1,E,4,X,2.8098
2011-08-30,2011-08-30T11:59:21Z,2.8098,1,E,4,X,2.8098
2011-08-30,2011-08-30T11:59:21Z,2.8098,1,E,4,X,2.8098
2011-08-30,2011-08-30T11:59:21Z,2.8098,1,E,4,X,2.8098
2011-08-30,2011-08-30T11:59:21Z,2.8098,1,E,4,X,2.8098
2011-08-30,2011-08-30T11:59:21Z,2.8098,1,E,4,X,2.8098
2011-08-30,2011-08-30T11:59:21Z,2.8098,1,E,4,X,2.8098
2011-08-30,2011-08-30T11:59:21Z,2.8098,1,E,4,X,2.8098
2011-08-30,2011-08-30T11:59:21Z,2.8098,1,E,4,X,2.8098
2011-08-30,2011-08-30T11:59:21Z,2.8098,1,E,4,X,2.8098
2011-08-30,2011-08-30T11:59:21Z,2.8098,1,E,4,X,2.8098
2011-08-30,2011-08-30T11:59:21Z,2.8098,1,E,4,X,2.8098
2011-08-30,2011-08-30T11:59:21Z,2.8098,1,E,4,X,2.8098
2011-08-30,2011-08-30T11:59:21Z,2.8098,1,E,4,X,2.8098
2011-08-30,2011-08-30T11:59:21Z,2.8098,1,E,4,X,2.8098
2011-08-30,2011-08-30T11:59:21Z,2.8098,1,E,4,X,2.8098
2011-08-30,2011-08-30T11:59:21Z,2.8098,1,E,4,X,2.8098
2011-08-30,2011-08-30T11:59:21Z,2.8098,1,E,4,X,2.8098
2011-08-30,2011-08-30T11:59:21Z,2.8098,1,E,4,X,2.8098
2011-08-30,2011-08-30T11:59:21Z,2.8098,1,E,4,X,2.8098
2011-08-30,2011-08-30T11:59:21Z,2.8098,1,E,4,X,2.8098
2011-08-30,2011-08-30T11:59:21Z,2.8098,1,E,4,X,2.8098
2011-08-30,2011-08-30T11:59:21Z,2.8098,1,E,4,X,2.8098
2011-08-30,2011-08-30T11:59:21Z,2.8098,1,E,4,X,2.8098
2011-08-30,2011-08-30T11:59:33Z,2.8098,1,E,4,X,2.8098
2011-08-30,2011-08-30T11:59:36Z,2.8098,1,E,4,X,2.8098
2011-08-30,2011-08-30T11:59:36Z,2.8098,1,E,4,X,2.8098
2011-08-30,2011-08-30T11:59:36Z,2.8098,1,E,4,X,2.8098
2011-08-30,2011-08-30T11:59:36Z,2.8098,1,E,4,X,2.8098
2011-08-30,2011-08-30T11:59:36Z,2.8098,1,E,4,X,2.8098
2011-08-30,2011-08-30T11:59:36Z,2.8098,1,E,4,X,2.8098
2011-08-30,2011-08-30T11:59:36Z,2.8098,1,E,4,X,2.8098
2011-08-30,2011-08-30T11:59:36Z,2.8098,1,E,4,X,2.8098
2011-08-30,2011-08-30T11:59:36Z,2.8098,1,E,4,X,2.8098
2011-08-30,2011-08-30T11:59:36Z,2.8098,1,E,4,X,2.8098
2011-08-30,2011-08-30T11:59:36Z,2.8098,1,E,4,X,2.8098
2011-08-30,2011-08-30T11:59:36Z,2.8098,1,E,4,X,2.8098
2011-08-30,2011-08-30T11:59:36Z,2.8098,1,E,4,X,2.8098
2011-08-30,2011-08-30T11:59:36Z,2.8098,1,E,4,X,2.8098
2011-08-30,2011-08-30T12:04:19Z,2.8098,36,E,4,X,2.8098
2011-08-30,2011-08-30T13:00:21Z,2.8098,1,E,4,X,2.8098
2011-08-30,2011-08-30T13:00:21Z,2.8098,1,E,4,X,2.8098
2011-08-30,2011-08-30T13:00:21Z,2.8098,1,E,4,X,2.8098
2011-08-30,2011-08-30T13:00:21Z,2.8098,1,E,4,X,2.8098
2011-08-30,2011-08-30T13:00:21Z,2.8098,1,E,4,X,2.8098
2011-08-30,2011-08-30T13:00:21Z,2.8098,1,E,4,X,2.8098
2011-08-30,2011-08-30T13:00:21Z,2.8098,1,E,4,X,2.8098
2011-08-30,2011-08-30T13:00:21Z,2.8098,1,E,4,X,2.8098
2011-08-30,2011-08-30T13:00:21Z,2.8098,1,E,4,X,2.8098
2011-08-30,2011-08-30T13:00:21Z,2.8098,1,E,4,X,2.8098
2011-08-30,2011-08-30T13:00:21Z,2.8098,1,E,4,X,2.8098
2011-08-30,2011-08-30T13:00:21Z,2.8098,1,E,4,X,2.8098
2011-08-30,2011-08-30T13:00:21Z,2.8098,1,E,4,X,2.8098
2011-08-30,2011-08-30T13:00:21Z,2.8098,1,E,4,X,2.8098
2011-08-30,2011-08-30T14:20:07Z,2.8098,11,E,4,X,2.8098
2011-08-30,2011-08-30T14:29:09Z,2.8538,1,E,4,X,2.8538
2011-08-30,2011-08-30T14:29:09Z,2.8098,1,E,4,X,2.8098
2011-08-31,2011-08-31T12:22:11Z,2.8631,1,E,4,X,2.8631
2011-08-31,2011-08-31T12:22:11Z,2.8631,1,E,4,X,2.8631
2011-08-31,2011-08-31T12:22:11Z,2.8631,1,E,4,X,2.8631
2011-08-31,2011-08-31T12:22:11Z,2.8631,1,E,4,X,2.8631
2011-08-31,2011-08-31T12:22:11Z,2.8631,1,E,4,X,2.8631
2011-08-31,2011-08-31T12:22:11Z,2.8631,1,E,4,X,2.8631
2011-08-31,2011-08-31T12:22:11Z,2.8631,1,E,4,X,2.8631
2011-08-31,2011-08-31T12:22:11Z,2.8631,1,E,4,X,2.8631
2011-08-31,2011-08-31T12:22:11Z,2.8631,1,E,4,X,2.8631
2011-08-31,2011-08-31T12:22:11Z,2.8631,1,E,4,X,2.8631
2011-08-31,2011-08-31T12:22:11Z,2.8631,1,E,4,X,2.8631
2011-08-31,2011-08-31T12:22:11Z,2.863,1,E,4,X,2.863
2011-08-31,2011-08-31T12:22:18Z,2.8625,7,E,4,X,2.8625
2011-08-31,2011-08-31T12:22:18Z,2.8625,7,E,4,X,2.8625
2011-08-31,2011-08-31T12:22:18Z,2.8625,7,E,4,X,2.8625
2011-08-31,2011-08-31T12:22:18Z,2.8625,7,E,4,X,2.8625
2011-08-31,2011-08-31T12:22:18Z,2.8625,7,E,4,X,2.8625
2011-08-31,2011-08-31T12:22:18Z,2.8625,1,E,4,X,2.8625
2011-08-31,2011-08-31T13:28:24Z,2.8686,1,E,4,X,2.8686
2011-08-31,2011-08-31T13:28:24Z,2.8658,1,E,4,X,2.8658
2011-08-31,2011-08-31T14:10:35Z,2.8575,1,E,4,X,2.8575
2011-08-31,2011-08-31T14:10:35Z,2.8658,1,E,4,X,2.8658
2011-08-31,2011-08-31T14:21:59Z,2.871,1,E,0,,2.871
2011-08-31,2011-08-31T14:21:59Z,2.871,1,E,0,,2.871
2011-08-31,2011-08-31T14:21:59Z,2.871,1,E,0,,2.871
2011-08-31,2011-08-31T14:21:59Z,2.871,1,E,0,,2.871
2011-08-31,2011-08-31T14:21:59Z,2.871,1,E,0,,2.871
2011-08-31,2011-08-31T14:21:59Z,2.871,1,E,0,,2.871
2011-08-31,2011-08-31T14:21:59Z,2.871,1,E,0,,2.871
2011-08-31,2011-08-31T14:21:59Z,2.871,1,E,0,,2.871
2011-08-31,2011-08-31T14:22:00Z,2.871,1,E,0,,2.871
2011-08-31,2011-08-31T14:22:00Z,2.871,1,E,0,,2.871
2011-08-31,2011-08-31T14:22:00Z,2.871,1,E,0,,2.871
2011-08-31,2011-08-31T14:22:00Z,2.871,1,E,0,,2.871
2011-08-31,2011-08-31T14:22:00Z,2.871,1,E,0,,2.871
2011-08-31,2011-08-31T14:22:03Z,2.871,1,E,0,,2.871
2011-08-31,2011-08-31T14:23:09Z,2.8753,1,E,0,,2.8753
2011-08-31,2011-08-31T14:23:09Z,2.8753,1,E,0,,2.8753
2011-08-31,2011-08-31T14:23:09Z,2.8753,1,E,4,X,2.8753
2011-08-31,2011-08-31T14:23:09Z,2.8753,1,E,0,,2.8753
2011-08-31,2011-08-31T14:23:09Z,2.8753,1,E,0,,2.8753
2011-08-31,2011-08-31T14:23:09Z,2.8753,1,E,0,,2.8753
2011-08-31,2011-08-31T14:23:09Z,2.8753,1,E,0,,2.8753
2011-08-31,2011-08-31T14:23:09Z,2.8753,1,E,0,,2.8753
2011-08-31,2011-08-31T14:23:09Z,2.8753,1,E,0,,2.8753
2011-08-31,2011-08-31T14:23:13Z,2.8753,1,E,0,,2.8753
2011-08-31,2011-08-31T14:23:13Z,2.8753,1,E,0,,2.8753
2011-08-31,2011-08-31T14:28:32Z,2.8718,1,E,4,X,2.8718
2011-08-31,2011-08-31T14:28:32Z,2.8753,1,E,4,X,2.8753
2011-08-31,2011-08-31T14:28:50Z,2.8727,1,E,4,X,2.8727
2011-08-31,2011-08-31T14:28:50Z,2.8753,1,E,4,X,2.8753
2011-08-31,2011-08-31T14:28:54Z,2.871,1,E,0,,2.871
2011-08-31,2011-08-31T14:29:03Z,2.871,1,E,0,,2.871
2011-08-31,2011-08-31T14:29:12Z,2.871,1,E,0,,2.871
2011-08-31,2011-08-31T14:29:17Z,2.871,1,E,0,,2.871
2011-08-31,2011-08-31T14:29:21Z,2.871,1,E,0,,2.871
2011-08-31,2011-08-31T14:29:40Z,2.871,1,E,0,,2.871
2011-08-31,2011-08-31T14:29:43Z,2.871,1,E,4,X,2.871
2011-08-31,2011-08-31T14:29:44Z,2.871,1,E,0,,2.871
2011-08-31,2011-08-31T14:29:49Z,2.871,1,E,0,,2.871
2011-08-31,2011-08-31T14:29:53Z,2.871,1,E,0,,2.871
2011-08-31,2011-08-31T14:30:00Z,2.871,1,E,0,,2.871
2011-08-31,2011-08-31T14:30:00Z,2.871,1,E,4,X,2.871
2011-08-31,2011-08-31T14:30:00Z,2.871,1,E,0,,2.871
2011-08-31,2011-08-31T14:30:00Z,2.871,1,E,4,X,2.871
2011-08-31,2011-08-31T14:30:00Z,2.871,1,E,0,,2.871
2011-08-31,2011-08-31T14:30:00Z,2.871,1,E,4,X,2.871
2011-08-31,2011-08-31T14:30:00Z,2.871,1,E,0,,2.871
2011-08-31,2011-08-31T14:30:00Z,2.871,1,E,0,,2.871
2011-08-31,2011-08-31T14:30:00Z,2.871,1,E,0,,2.871
2011-08-31,2011-08-31T14:30:01Z,2.871,1,E,0,,2.871
2011-08-31,2011-08-31T14:30:01Z,2.871,1,E,4,X,2.871
2011-08-31,2011-08-31T14:30:02Z,2.871,1,E,0,,2.871
2011-08-31,2011-08-31T14:30:02Z,2.871,1,E,4,X,2.871
2011-08-31,2011-08-31T14:30:02Z,2.871,1,E,0,,2.871
2011-08-31,2011-08-31T14:30:02Z,2.871,1,E,4,X,2.871
2011-08-31,2011-08-31T14:30:09Z,2.871,1,E,0,,2.871
2011-08-31,2011-08-31T14:30:09Z,2.871,1,E,4,X,2.871
2011-08-31,2011-08-31T14:30:09Z,2.871,1,E,0,,2.871
2011-08-31,2011-08-31T14:30:09Z,2.871,1,E,0,,2.871
2011-08-31,2011-08-31T14:30:09Z,2.871,1,E,4,X,2.871
2011-08-31,2011-08-31T14:30:09Z,2.871,1,E,0,,2.871
2011-08-31,2011-08-31T14:30:09Z,2.871,1,E,4,X,2.871
2011-08-31,2011-08-31T14:30:38Z,2.871,1,E,0,,2.871
2011-08-31,2011-08-31T14:30:38Z,2.871,1,E,4,X,2.871
2011-08-31,2011-08-31T14:30:54Z,2.871,1,E,0,,2.871
2011-08-31,2011-08-31T14:30:54Z,2.871,1,E,4,X,2.871
2011-08-31,2011-08-31T14:30:56Z,2.871,1,E,0,,2.871
2011-08-31,2011-08-31T14:30:56Z,2.871,1,E,4,X,2.871
2011-08-31,2011-08-31T14:30:57Z,2.871,1,E,0,,2.871
2011-08-31,2011-08-31T14:30:57Z,2.871,1,E,4,X,2.871
2011-08-31,2011-08-31T14:30:57Z,2.871,1,E,0,,2.871
2011-08-31,2011-08-31T14:30:57Z,2.871,1,E,4,X,2.871
2011-08-31,2011-08-31T14:30:57Z,2.871,1,E,0,,2.871
2011-08-31,2011-08-31T14:30:57Z,2.871,1,E,4,X,2.871
2011-08-31,2011-08-31T14:31:00Z,2.871,1,E,0,,2.871
2011-08-31,2011-08-31T14:31:00Z,2.871,1,E,4,X,2.871
2011-08-31,2011-08-31T14:33:00Z,2.871,1,E,0,,2.871
2011-08-31,2011-08-31T14:33:00Z,2.871,1,E,4,X,2.871
2011-08-31,2011-08-31T14:33:01Z,2.871,1,E,0,,2.871
2011-08-31,2011-08-31T14:33:01Z,2.871,1,E,4,X,2.871
2011-08-31,2011-08-31T14:33:01Z,2.871,1,E,0,,2.871
2011-08-31,2011-08-31T14:33:01Z,2.871,1,E,4,X,2.871
2011-08-31,2011-08-31T14:33:05Z,2.871,1,E,0,,2.871
2011-08-31,2011-08-31T14:33:05Z,2.871,1,E,4,X,2.871
2011-08-31,2011-08-31T14:33:06Z,2.871,1,E,4,X,2.871
2011-08-31,2011-08-31T14:33:10Z,2.871,1,E,0,,2.871
2011-08-31,2011-08-31T14:33:10Z,2.871,1,E,4,X,2.871
2011-08-31,2011-08-31T14:33:12Z,2.871,1,E,0,,2.871
2011-08-31,2011-08-31T14:33:12Z,2.871,1,E,4,X,2.871
2011-08-31,2011-08-31T14:33:12Z,2.871,1,E,0,,2.871
2011-08-31,2011-08-31T14:33:12Z,2.871,1,E,4,X,2.871
2011-08-31,2011-08-31T14:34:11Z,2.8701,1,E,4,X,2.8701
2011-08-31,2011-08-31T14:34:11Z,2.868,1,E,4,X,2.868
2011-08-31,2011-08-31T14:34:45Z,2.8702,1,E,4,X,2.8702
2011-08-31,2011-08-31T14:34:45Z,2.868,1,E,4,X,2.868
2011-08-31,2011-08-31T14:34:45Z,2.8702,1,E,4,X,2.8702
2011-08-31,2011-08-31T14:34:45Z,2.868,1,E,4,X,2.868
2011-08-31,2011-08-31T14:34:45Z,2.8702,1,E,4,X,2.8702
2011-08-31,2011-08-31T14:34:45Z,2.868,1,E,4,X,2.868
2011-08-31,2011-08-31T14:34:45Z,2.8702,1,E,4,X,2.8702
2011-08-31,2011-08-31T14:34:45Z,2.868,1,E,4,X,2.868
2011-08-31,2011-08-31T14:45:50Z,2.8682,1,E,4,X,2.8682
2011-08-31,2011-08-31T14:46:44Z,2.8682,1,E,4,X,2.8682
2011-09-01,2011-09-01T09:49:27Z,2.8615,1,E,0,,2.8615
2011-09-01,2011-09-01T09:49:36Z,2.8615,1,E,0,,2.8615
2011-09-01,2011-09-01T09:49:36Z,2.8615,1,E,0,,2.8615
2011-09-01,2011-09-01T09:49:36Z,2.8615,1,E,0,,2.8615
2011-09-01,2011-09-01T09:49:36Z,2.8615,1,E,0,,2.8615
2011-09-01,2011-09-01T09:49:36Z,2.8615,1,E,0,,2.8615
2011-09-01,2011-09-01T09:49:36Z,2.8615,1,E,0,,2.8615
2011-09-01,2011-09-01T09:49:36Z,2.8615,1,E,0,,2.8615
2011-09-01,2011-09-01T09:49:36Z,2.8615,1,E,0,,2.8615
2011-09-01,2011-09-01T09:49:36Z,2.8615,1,E,0,,2.8615
2011-09-01,2011-09-01T09:49:36Z,2.8615,1,E,0,,2.8615
2011-09-01,2011-09-01T09:49:36Z,2.8615,1,E,0,,2.8615
2011-09-01,2011-09-01T09:49:36Z,2.8615,1,E,0,,2.8615
2011-09-01,2011-09-01T09:49:36Z,2.8615,1,E,0,,2.8615
2011-09-01,2011-09-01T09:49:38Z,2.8615,1,E,0,,2.8615
2011-09-01,2011-09-01T09:49:41Z,2.8615,1,E,0,,2.8615
2011-09-01,2011-09-01T09:49:42Z,2.8615,1,E,0,,2.8615
2011-09-01,2011-09-01T09:49:42Z,2.8615,1,E,0,,2.8615
2011-09-01,2011-09-01T09:49:42Z,2.8615,1,E,0,,2.8615
2011-09-01,2011-09-01T09:49:42Z,2.8615,1,E,0,,2.8615
2011-09-01,2011-09-01T09:49:42Z,2.8615,1,E,0,,2.8615
2011-09-01,2011-09-01T09:49:42Z,2.8615,1,E,0,,2.8615
2011-09-01,2011-09-01T09:49:57Z,2.8615,1,E,0,,2.8615
2011-09-01,2011-09-01T09:49:57Z,2.8615,1,E,0,,2.8615
2011-09-01,2011-09-01T09:49:57Z,2.8615,1,E,0,,2.8615
2011-09-01,2011-09-01T09:49:57Z,2.8615,1,E,4,X,2.8615
2011-09-01,2011-09-01T10:19:21Z,2.8701,1,E,4,X,2.8701
2011-09-01,2011-09-01T10:19:21Z,2.8701,1,E,4,X,2.8701
2011-09-01,2011-09-01T10:19:21Z,2.8701,1,E,4,X,2.8701
2011-09-01,2011-09-01T10:19:21Z,2.8701,1,E,4,X,2.8701
2011-09-01,2011-09-01T10:19:21Z,2.8701,1,E,4,X,2.8701
2011-09-01,2011-09-01T10:19:21Z,2.8701,1,E,4,X,2.8701
2011-09-01,2011-09-01T10:19:21Z,2.8701,1,E,4,X,2.8701
2011-09-01,2011-09-01T10:19:21Z,2.8701,1,E,4,X,2.8701
2011-09-01,2011-09-01T10:19:21Z,2.8701,1,E,4,X,2.8701
2011-09-01,2011-09-01T10:19:21Z,2.8701,1,E,4,X,2.8701
2011-09-01,2011-09-01T10:19:21Z,2.8701,1,E,4,X,2.8701
2011-09-01,2011-09-01T10:19:21Z,2.8701,1,E,4,X,2.8701
2011-09-01,2011-09-01T10:19:21Z,2.8701,1,E,4,X,2.8701
2011-09-01,2011-09-01T10:19:21Z,2.8701,1,E,4,X,2.8701
2011-09-01,2011-09-01T10:19:21Z,2.8701,1,E,4,X,2.8701
2011-09-01,2011-09-01T10:19:21Z,2.8701,1,E,4,X,2.8701
2011-09-01,2011-09-01T10:19:21Z,2.8701,1,E,4,X,2.8701
2011-09-01,2011-09-01T10:19:21Z,2.8701,1,E,4,X,2.8701
2011-09-01,2011-09-01T10:19:21Z,2.8701,1,E,4,X,2.8701
2011-09-01,2011-09-01T10:19:21Z,2.8701,1,E,4,X,2.8701
2011-09-01,2011-09-01T10:19:21Z,2.8701,1,E,4,X,2.8701
2011-09-01,2011-09-01T10:19:21Z,2.8701,1,E,4,X,2.8701
2011-09-01,2011-09-01T10:19:21Z,2.8701,1,E,4,X,2.8701
2011-09-01,2011-09-01T10:19:21Z,2.8701,1,E,4,X,2.8701
2011-09-01,2011-09-01T10:19:21Z,2.8701,1,E,4,X,2.8701
2011-09-01,2011-09-01T10:19:21Z,2.8701,1,E,4,X,2.8701
2011-09-01,2011-09-01T10:19:21Z,2.8701,1,E,4,X,2.8701
2011-09-01,2011-09-01T10:19:21Z,2.8701,1,E,4,X,2.8701
2011-09-01,2011-09-01T10:19:21Z,2.8701,1,E,4,X,2.8701
2011-09-01,2011-09-01T10:19:21Z,2.8701,1,E,4,X,2.8701
2011-09-01,2011-09-01T10:19:21Z,2.8701,1,E,4,X,2.8701
2011-09-01,2011-09-01T10:19:21Z,2.8701,1,E,4,X,2.8701
2011-09-01,2011-09-01T10:19:21Z,2.8701,1,E,4,X,2.8701
2011-09-01,2011-09-01T10:19:21Z,2.8701,1,E,4,X,2.8701
2011-09-01,2011-09-01T10:19:21Z,2.8701,1,E,4,X,2.8701
2011-09-01,2011-09-01T10:19:21Z,2.8701,1,E,4,X,2.8701
2011-09-01,2011-09-01T10:19:21Z,2.8701,1,E,4,X,2.8701
2011-09-01,2011-09-01T10:19:21Z,2.8701,1,E,4,X,2.8701
2011-09-01,2011-09-01T10:19:21Z,2.8701,1,E,4,X,2.8701
2011-09-01,2011-09-01T10:19:21Z,2.8701,1,E,4,X,2.8701
2011-09-01,2011-09-01T10:19:21Z,2.8701,1,E,4,X,2.8701
2011-09-01,2011-09-01T10:19:21Z,2.8701,1,E,4,X,2.8701
2011-09-01,2011-09-01T10:19:21Z,2.8701,1,E,4,X,2.8701
2011-09-01,2011-09-01T10:19:21Z,2.8701,1,E,4,X,2.8701
2011-09-01,2011-09-01T10:19:21Z,2.8701,1,E,4,X,2.8701
2011-09-01,2011-09-01T10:19:21Z,2.8701,1,E,4,X,2.8701
2011-09-01,2011-09-01T10:19:21Z,2.8701,1,E,4,X,2.8701
2011-09-01,2011-09-01T10:19:21Z,2.8701,1,E,4,X,2.8701
2011-09-01,2011-09-01T10:24:11Z,2.8699,1,E,4,X,2.8699
2011-09-01,2011-09-01T12:45:38Z,2.8758,14,E,4,X,2.8758
2011-09-01,2011-09-01T14:06:42Z,2.8658,1,E,4,X,2.8658
2011-09-01,2011-09-01T14:06:42Z,2.8581,1,E,4,X,2.8581
2011-09-01,2011-09-01T14:06:42Z,2.8658,1,E,4,X,2.8658
2011-09-01,2011-09-01T14:06:42Z,2.8581,1,E,4,X,2.8581
2011-09-01,2011-09-01T14:06:42Z,2.8658,1,E,4,X,2.8658
2011-09-01,2011-09-01T14:06:42Z,2.8581,1,E,4,X,2.8581
2011-09-01,2011-09-01T14:06:42Z,2.8658,1,E,4,X,2.8658
2011-09-01,2011-09-01T14:06:42Z,2.8581,1,E,4,X,2.8581
2011-09-01,2011-09-01T14:06:42Z,2.8581,1,E,4,X,2.8581
2011-09-01,2011-09-01T14:06:42Z,2.8658,1,E,4,X,2.8658
2011-09-01,2011-09-01T14:06:42Z,2.8581,1,E,4,X,2.8581
2011-09-01,2011-09-01T14:06:42Z,2.8658,1,E,4,X,2.8658
2011-09-01,2011-09-01T14:07:02Z,2.854,1,E,0,,2.854
2011-09-01,2011-09-01T14:07:02Z,2.854,1,E,4,X,2.854
2011-09-01,2011-09-01T14:07:02Z,2.854,1,E,0,,2.854
2011-09-01,2011-09-01T14:07:02Z,2.854,1,E,4,X,2.854
2011-09-01,2011-09-01T14:07:02Z,2.854,1,E,0,,2.854
2011-09-01,2011-09-01T14:07:02Z,2.854,1,E,0,,2.854
2011-09-01,2011-09-01T14:07:02Z,2.854,1,E,0,,2.854
2011-09-01,2011-09-01T14:07:02Z,2.854,1,E,0,,2.854
2011-09-01,2011-09-01T14:07:02Z,2.854,1,E,0,,2.854
2011-09-01,2011-09-01T14:07:02Z,2.854,1,E,4,X,2.854
2011-09-01,2011-09-01T14:07:03Z,2.854,1,E,0,,2.854
2011-09-01,2011-09-01T14:07:03Z,2.854,1,E,4,X,2.854
2011-09-01,2011-09-01T14:07:03Z,2.854,1,E,0,,2.854
2011-09-01,2011-09-01T14:07:03Z,2.854,1,E,4,X,2.854
2011-09-01,2011-09-01T14:07:03Z,2.854,1,E,0,,2.854
2011-09-01,2011-09-01T14:07:03Z,2.854,1,E,4,X,2.854
2011-09-01,2011-09-01T14:07:03Z,2.854,1,E,0,,2.854
2011-09-01,2011-09-01T14:07:03Z,2.854,1,E,4,X,2.854
2011-09-01,2011-09-01T14:07:03Z,2.854,1,E,0,,2.854
2011-09-01,2011-09-01T14:07:03Z,2.854,1,E,4,X,2.854
2011-09-01,2011-09-01T14:07:03Z,2.854,1,E,0,,2.854
2011-09-01,2011-09-01T14:07:03Z,2.854,1,E,4,X,2.854
2011-09-01,2011-09-01T14:07:03Z,2.854,1,E,0,,2.854
2011-09-01,2011-09-01T14:07:03Z,2.854,1,E,4,X,2.854
2011-09-01,2011-09-01T14:07:03Z,2.854,1,E,0,,2.854
2011-09-01,2011-09-01T14:07:03Z,2.854,1,E,4,X,2.854
2011-09-01,2011-09-01T14:07:03Z,2.854,1,E,0,,2.854
2011-09-01,2011-09-01T14:07:03Z,2.854,1,E,4,X,2.854
2011-09-01,2011-09-01T14:07:03Z,2.854,1,E,0,,2.854
2011-09-01,2011-09-01T14:07:03Z,2.854,1,E,4,X,2.854
2011-09-01,2011-09-01T14:07:03Z,2.854,1,E,0,,2.854
2011-09-01,2011-09-01T14:07:03Z,2.854,1,E,4,X,2.854
2011-09-01,2011-09-01T14:07:03Z,2.854,1,E,0,,2.854
2011-09-01,2011-09-01T14:07:03Z,2.854,1,E,4,X,2.854
2011-09-01,2011-09-01T14:07:03Z,2.854,1,E,0,,2.854
2011-09-01,2011-09-01T14:07:03Z,2.854,1,E,4,X,2.854
2011-09-01,2011-09-01T15:48:41Z,2.854,1,E,0,,2.854
2011-09-01,2011-09-01T15:48:41Z,2.854,1,E,4,X,2.854
2011-09-01,2011-09-01T15:56:19Z,2.854,1,E,0,,2.854
2011-09-01,2011-09-01T15:56:19Z,2.854,1,E,0,,2.854
2011-09-01,2011-09-01T15:56:21Z,2.854,1,E,0,,2.854
2011-09-01,2011-09-01T15:56:21Z,2.854,1,E,0,,2.854
2011-09-02,2011-09-02T08:42:58Z,2.8158,1,E,4,X,2.8158
2011-09-02,2011-09-02T09:36:49Z,2.8145,6,E,4,X,2.8145
2011-09-02,2011-09-02T09:36:49Z,2.8145,1,E,4,X,2.8145
2011-09-02,2011-09-02T09:55:49Z,2.7967,3,E,4,X,2.7967
2011-09-02,2011-09-02T09:55:49Z,2.7967,1,E,4,X,2.7967
2011-09-02,2011-09-02T09:55:49Z,2.7968,1,E,4,X,2.7968
2011-09-02,2011-09-02T09:55:49Z,2.7969,1,E,4,X,2.7969
2011-09-02,2011-09-02T09:55:49Z,2.7969,20,E,4,X,2.7969
2011-09-02,2011-09-02T09:56:16Z,2.7969,1,E,4,X,2.7969
2011-09-02,2011-09-02T09:56:16Z,2.7969,2,E,4,X,2.7969
2011-09-02,2011-09-02T09:56:57Z,2.7973,1,E,4,X,2.7973
2011-09-02,2011-09-02T09:56:57Z,2.7974,20,E,4,X,2.7974
2011-09-02,2011-09-02T11:31:54Z,2.8239,1,E,4,X,2.8239
2011-09-02,2011-09-02T11:31:54Z,2.861,1,E,4,X,2.861
2011-09-02,2011-09-02T11:31:59Z,2.8239,1,E,4,X,2.8239
2011-09-02,2011-09-02T11:31:59Z,2.861,1,E,4,X,2.861
2011-09-02,2011-09-02T12:12:54Z,2.8182,1,E,4,X,2.8182
2011-09-02,2011-09-02T12:12:55Z,2.8182,1,E,4,X,2.8182
2011-09-02,2011-09-02T12:12:55Z,2.8182,1,E,4,X,2.8182
2011-09-02,2011-09-02T12:12:55Z,2.8182,1,E,4,X,2.8182
2011-09-02,2011-09-02T12:12:55Z,2.8182,1,E,4,X,2.8182
2011-09-02,2011-09-02T12:12:55Z,2.8182,1,E,4,X,2.8182
2011-09-02,2011-09-02T12:14:23Z,2.8181,1,E,4,X,2.8181
2011-09-02,2011-09-02T12:14:23Z,2.8181,1,E,4,X,2.8181
2011-09-02,2011-09-02T12:14:24Z,2.8181,1,E,4,X,2.8181
2011-09-02,2011-09-02T12:14:24Z,2.8181,1,E,4,X,2.8181
2011-09-02,2011-09-02T12:14:24Z,2.8181,1,E,4,X,2.8181
2011-09-02,2011-09-02T12:14:24Z,2.8181,1,E,4,X,2.8181
2011-09-02,2011-09-02T12:14:24Z,2.8181,1,E,4,X,2.8181
2011-09-02,2011-09-02T12:14:27Z,2.8181,1,E,4,X,2.8181
2011-09-02,2011-09-02T12:14:27Z,2.8181,1,E,4,X,2.8181
2011-09-02,2011-09-02T12:14:27Z,2.8181,1,E,4,X,2.8181
2011-09-02,2011-09-02T12:14:27Z,2.8181,1,E,4,X,2.8181
2011-09-02,2011-09-02T12:14:27Z,2.8181,1,E,4,X,2.8181
2011-09-02,2011-09-02T12:14:39Z,2.818,2,E,4,X,2.818
2011-09-02,2011-09-02T12:14:39Z,2.818,2,E,4,X,2.818
2011-09-02,2011-09-02T12:14:39Z,2.818,1,E,4,X,2.818
2011-09-02,2011-09-02T12:14:39Z,2.818,1,E,4,X,2.818
2011-09-02,2011-09-02T12:14:39Z,2.818,1,E,4,X,2.818
2011-09-02,2011-09-02T12:17:42Z,2.8186,1,E,4,X,2.8186
2011-09-02,2011-09-02T12:17:42Z,2.8186,1,E,4,X,2.8186
2011-09-02,2011-09-02T13:14:11Z,2.8205,2,E,4,X,2.8205
2011-09-02,2011-09-02T13:14:22Z,2.8205,23,E,4,X,2.8205
2011-09-02,2011-09-02T13:26:26Z,2.8126,1,E,4,X,2.8126
2011-09-02,2011-09-02T13:27:44Z,2.8124,1,E,4,X,2.8124
2011-09-02,2011-09-02T13:27:46Z,2.8123,4,E,4,X,2.8123
2011-09-02,2011-09-02T13:27:49Z,2.8123,2,E,4,X,2.8123
2011-09-02,2011-09-02T14:01:52Z,2.8092,1,E,4,X,2.8092
2011-09-02,2011-09-02T14:01:52Z,2.8091,5,E,4,X,2.8091
2011-09-02,2011-09-02T14:01:52Z,2.809,2,E,4,X,2.809
2011-09-02,2011-09-02T14:01:52Z,2.809,2,E,4,X,2.809
2011-09-02,2011-09-02T14:01:52Z,2.8089,50,E,4,X,2.8089
2011-09-02,2011-09-02T14:29:49Z,2.8092,1,E,4,X,2.8092
2011-09-02,2011-09-02T14:29:49Z,2.861,1,E,4,X,2.861
2011-09-02,2011-09-02T14:30:37Z,2.8094,1,E,4,X,2.8094
2011-09-06,2011-09-06T09:42:03Z,2.7706,1,E,4,X,2.7706
2011-09-06,2011-09-06T09:42:03Z,2.7706,1,E,4,X,2.7706
2011-09-06,2011-09-06T09:55:38Z,2.7732,1,E,4,X,2.7732
2011-09-06,2011-09-06T09:56:13Z,2.7732,1,E,4,X,2.7732
2011-09-06,2011-09-06T09:56:13Z,2.7732,1,E,4,X,2.7732
2011-09-06,2011-09-06T09:56:13Z,2.7732,1,E,4,X,2.7732
2011-09-06,2011-09-06T09:56:13Z,2.7732,1,E,4,X,2.7732
2011-09-06,2011-09-06T09:56:13Z,2.7732,1,E,4,X,2.7732
2011-09-06,2011-09-06T09:56:13Z,2.7732,1,E,4,X,2.7732
2011-09-06,2011-09-06T09:56:13Z,2.7732,1,E,4,X,2.7732
2011-09-06,2011-09-06T09:56:13Z,2.7732,1,E,4,X,2.7732
2011-09-06,2011-09-06T09:56:13Z,2.7732,1,E,4,X,2.7732
2011-09-06,2011-09-06T09:56:13Z,2.7732,1,E,4,X,2.7732
2011-09-06,2011-09-06T09:56:13Z,2.7732,1,E,4,X,2.7732
2011-09-06,2011-09-06T09:56:13Z,2.7732,1,E,4,X,2.7732
2011-09-06,2011-09-06T09:56:13Z,2.7732,1,E,4,X,2.7732
2011-09-06,2011-09-06T09:56:13Z,2.7732,1,E,4,X,2.7732
2011-09-06,2011-09-06T09:56:13Z,2.7732,1,E,4,X,2.7732
2011-09-06,2011-09-06T09:56:13Z,2.7732,1,E,4,X,2.7732
2011-09-06,2011-09-06T09:56:13Z,2.7732,1,E,4,X,2.7732
2011-09-06,2011-09-06T09:56:13Z,2.7732,1,E,4,X,2.7732
2011-09-06,2011-09-06T09:56:13Z,2.7732,1,E,4,X,2.7732
2011-09-06,2011-09-06T09:56:13Z,2.7732,1,E,4,X,2.7732
2011-09-06,2011-09-06T09:56:13Z,2.7732,1,E,4,X,2.7732
2011-09-06,2011-09-06T09:56:13Z,2.7732,1,E,4,X,2.7732
2011-09-06,2011-09-06T10:03:16Z,2.796,2,E,4,X,2.796
2011-09-06,2011-09-06T10:26:13Z,2.7885,1,E,4,X,2.7885
2011-09-06,2011-09-06T10:26:13Z,2.7884,1,E,4,X,2.7884
2011-09-06,2011-09-06T10:26:13Z,2.7883,3,E,4,X,2.7883
2011-09-06,2011-09-06T10:26:16Z,2.7883,3,E,4,X,2.7883
2011-09-06,2011-09-06T10:26:16Z,2.7883,2,E,4,X,2.7883
2011-09-06,2011-09-06T10:26:17Z,2.7883,1,E,4,X,2.7883
2011-09-06,2011-09-06T10:26:17Z,2.7883,3,E,4,X,2.7883
2011-09-06,2011-09-06T10:26:17Z,2.7883,3,E,4,X,2.7883
2011-09-06,2011-09-06T10:26:17Z,2.7883,3,E,4,X,2.7883
2011-09-06,2011-09-06T10:26:19Z,2.7883,3,E,4,X,2.7883
2011-09-06,2011-09-06T10:26:19Z,2.7883,3,E,4,X,2.7883
2011-09-06,2011-09-06T10:26:19Z,2.7883,3,E,4,X,2.7883
2011-09-06,2011-09-06T10:26:19Z,2.7883,3,E,4,X,2.7883
2011-09-06,2011-09-06T10:26:19Z,2.7883,3,E,4,X,2.7883
2011-09-06,2011-09-06T10:26:19Z,2.7883,3,E,4,X,2.7883
2011-09-06,2011-09-06T10:26:19Z,2.7883,2,E,4,X,2.7883
2011-09-06,2011-09-06T10:26:20Z,2.7883,1,E,4,X,2.7883
2011-09-06,2011-09-06T10:26:20Z,2.7883,3,E,4,X,2.7883
2011-09-06,2011-09-06T10:26:20Z,2.7883,1,E,4,X,2.7883
2011-09-06,2011-09-06T10:26:21Z,2.7883,2,E,4,X,2.7883
2011-09-06,2011-09-06T10:26:21Z,2.7883,3,E,4,X,2.7883
2011-09-06,2011-09-06T10:26:21Z,2.7883,3,E,4,X,2.7883
2011-09-06,2011-09-06T10:26:21Z,2.7883,2,E,4,X,2.7883
2011-09-06,2011-09-06T10:26:37Z,2.7883,1,E,4,X,2.7883
2011-09-06,2011-09-06T10:26:37Z,2.7883,3,E,4,X,2.7883
2011-09-06,2011-09-06T10:26:37Z,2.7883,3,E,4,X,2.7883
2011-09-06,2011-09-06T10:26:37Z,2.7883,3,E,4,X,2.7883
2011-09-06,2011-09-06T10:26:37Z,2.7883,3,E,4,X,2.7883
2011-09-06,2011-09-06T10:26:37Z,2.7883,3,E,4,X,2.7883
2011-09-06,2011-09-06T10:26:37Z,2.7883,3,E,4,X,2.7883
2011-09-06,2011-09-06T10:26:37Z,2.7883,1,E,4,X,2.7883
2011-09-06,2011-09-06T10:26:39Z,2.7883,2,E,4,X,2.7883
2011-09-06,2011-09-06T10:26:39Z,2.7883,3,E,4,X,2.7883
2011-09-06,2011-09-06T10:26:39Z,2.7883,3,E,4,X,2.7883
2011-09-06,2011-09-06T10:26:39Z,2.7883,3,E,4,X,2.7883
2011-09-06,2011-09-06T10:26:39Z,2.7883,3,E,4,X,2.7883
2011-09-06,2011-09-06T10:26:39Z,2.7883,3,E,4,X,2.7883
2011-09-06,2011-09-06T10:26:39Z,2.7883,3,E,4,X,2.7883
2011-09-06,2011-09-06T10:26:41Z,2.7883,3,E,4,X,2.7883
2011-09-06,2011-09-06T10:26:41Z,2.7883,3,E,4,X,2.7883
2011-09-06,2011-09-06T10:26:41Z,2.7883,3,E,4,X,2.7883
2011-09-06,2011-09-06T10:26:41Z,2.7883,3,E,4,X,2.7883
2011-09-06,2011-09-06T10:26:41Z,2.7883,3,E,4,X,2.7883
2011-09-06,2011-09-06T10:26:41Z,2.7883,3,E,4,X,2.7883
2011-09-06,2011-09-06T10:26:41Z,2.7883,2,E,4,X,2.7883
2011-09-06,2011-09-06T10:26:43Z,2.7883,1,E,4,X,2.7883
2011-09-06,2011-09-06T10:26:43Z,2.7883,3,E,4,X,2.7883
2011-09-06,2011-09-06T10:26:43Z,2.7883,3,E,4,X,2.7883
2011-09-06,2011-09-06T10:26:43Z,2.7883,3,E,4,X,2.7883
2011-09-06,2011-09-06T10:26:43Z,2.7883,3,E,4,X,2.7883
2011-09-06,2011-09-06T10:26:43Z,2.7883,3,E,4,X,2.7883
2011-09-06,2011-09-06T10:26:43Z,2.7883,3,E,4,X,2.7883
2011-09-06,2011-09-06T10:26:43Z,2.7883,1,E,4,X,2.7883
2011-09-06,2011-09-06T11:39:38Z,2.7819,1,E,4,X,2.7819
2011-09-06,2011-09-06T11:39:38Z,2.7831,1,E,4,X,2.7831
2011-09-06,2011-09-06T11:45:12Z,2.7816,2,E,4,X,2.7816
2011-09-06,2011-09-06T11:45:12Z,2.7816,3,E,4,X,2.7816
2011-09-06,2011-09-06T11:45:12Z,2.7816,3,E,4,X,2.7816
2011-09-06,2011-09-06T11:45:12Z,2.7816,3,E,4,X,2.7816
2011-09-06,2011-09-06T11:45:12Z,2.7816,3,E,4,X,2.7816
2011-09-06,2011-09-06T11:45:12Z,2.7816,3,E,4,X,2.7816
2011-09-06,2011-09-06T11:45:12Z,2.7816,3,E,4,X,2.7816
2011-09-06,2011-09-06T11:45:14Z,2.7816,3,E,4,X,2.7816
2011-09-06,2011-09-06T11:45:14Z,2.7816,3,E,4,X,2.7816
2011-09-06,2011-09-06T11:45:14Z,2.7816,3,E,4,X,2.7816
2011-09-06,2011-09-06T11:45:14Z,2.7816,3,E,4,X,2.7816
2011-09-06,2011-09-06T11:45:14Z,2.7816,3,E,4,X,2.7816
2011-09-06,2011-09-06T11:45:14Z,2.7816,3,E,4,X,2.7816
2011-09-06,2011-09-06T11:45:14Z,2.7816,2,E,4,X,2.7816
2011-09-06,2011-09-06T11:45:16Z,2.7816,1,E,4,X,2.7816
2011-09-06,2011-09-06T11:45:16Z,2.7816,3,E,4,X,2.7816
2011-09-06,2011-09-06T11:45:16Z,2.7816,3,E,4,X,2.7816
2011-09-06,2011-09-06T11:45:16Z,2.7816,3,E,4,X,2.7816
2011-09-06,2011-09-06T11:45:16Z,2.7816,3,E,4,X,2.7816
2011-09-06,2011-09-06T11:45:16Z,2.7816,3,E,4,X,2.7816
2011-09-06,2011-09-06T11:45:16Z,2.7816,3,E,4,X,2.7816
2011-09-06,2011-09-06T11:45:16Z,2.7816,1,E,4,X,2.7816
2011-09-06,2011-09-06T11:45:17Z,2.7816,2,E,4,X,2.7816
2011-09-06,2011-09-06T11:45:17Z,2.7816,3,E,4,X,2.7816
2011-09-06,2011-09-06T11:45:17Z,2.7816,3,E,4,X,2.7816
2011-09-06,2011-09-06T11:45:17Z,2.7816,3,E,4,X,2.7816
2011-09-06,2011-09-06T11:45:17Z,2.7816,3,E,4,X,2.7816
2011-09-06,2011-09-06T11:45:17Z,2.7816,3,E,4,X,2.7816
2011-09-06,2011-09-06T11:45:17Z,2.7816,3,E,4,X,2.7816
2011-09-06,2011-09-06T11:45:17Z,2.7816,3,E,4,X,2.7816
2011-09-06,2011-09-06T11:45:17Z,2.7816,3,E,4,X,2.7816
2011-09-06,2011-09-06T11:45:17Z,2.7816,3,E,4,X,2.7816
2011-09-06,2011-09-06T11:45:17Z,2.7816,3,E,4,X,2.7816
2011-09-06,2011-09-06T11:45:17Z,2.7816,3,E,4,X,2.7816
2011-09-06,2011-09-06T11:45:17Z,2.7816,3,E,4,X,2.7816
2011-09-06,2011-09-06T11:45:17Z,2.7816,3,E,4,X,2.7816
2011-09-06,2011-09-06T11:45:17Z,2.7816,3,E,4,X,2.7816
2011-09-06,2011-09-06T11:45:17Z,2.7816,3,E,4,X,2.7816
2011-09-06,2011-09-06T11:45:17Z,2.7816,3,E,4,X,2.7816
2011-09-06,2011-09-06T11:45:19Z,2.7816,3,E,4,X,2.7816
2011-09-06,2011-09-06T11:45:19Z,2.7816,3,E,4,X,2.7816
2011-09-06,2011-09-06T11:45:19Z,2.7816,3,E,4,X,2.7816
2011-09-06,2011-09-06T11:45:19Z,2.7816,3,E,4,X,2.7816
2011-09-06,2011-09-06T11:45:19Z,2.7816,3,E,4,X,2.7816
2011-09-06,2011-09-06T11:45:19Z,2.7816,3,E,4,X,2.7816
2011-09-06,2011-09-06T11:45:19Z,2.7816,3,E,4,X,2.7816
2011-09-06,2011-09-06T11:45:19Z,2.7816,3,E,4,X,2.7816
2011-09-06,2011-09-06T11:45:19Z,2.7816,3,E,4,X,2.7816
2011-09-06,2011-09-06T11:45:19Z,2.7816,3,E,4,X,2.7816
2011-09-06,2011-09-06T11:45:19Z,2.7816,3,E,4,X,2.7816
2011-09-06,2011-09-06T13:46:13Z,2.7845,1,E,4,X,2.7845
2011-09-06,2011-09-06T13:55:14Z,2.8071,6,E,4,X,2.8071
2011-09-06,2011-09-06T13:55:55Z,2.7841,1,E,4,X,2.7841
2011-09-06,2011-09-06T13:55:59Z,2.7841,1,E,4,X,2.7841
2011-09-06,2011-09-06T14:27:57Z,2.7842,1,E,4,X,2.7842
2011-09-06,2011-09-06T14:29:40Z,2.8138,1,E,4,X,2.8138
2011-09-07,2011-09-07T08:56:29Z,2.8371,5,E,4,X,2.8371
2011-09-07,2011-09-07T08:56:29Z,2.8369,3,E,4,X,2.8369
2011-09-07,2011-09-07T08:56:29Z,2.8369,10,E,4,X,2.8369
2011-09-07,2011-09-07T08:56:29Z,2.8369,3,E,4,X,2.8369
2011-09-07,2011-09-07T08:56:29Z,2.8369,3,E,4,X,2.8369
2011-09-07,2011-09-07T08:56:29Z,2.8369,3,E,4,X,2.8369
2011-09-07,2011-09-07T08:56:29Z,2.8369,3,E,4,X,2.8369
2011-09-07,2011-09-07T08:56:29Z,2.8369,3,E,4,X,2.8369
2011-09-07,2011-09-07T08:56:29Z,2.8369,3,E,4,X,2.8369
2011-09-07,2011-09-07T08:56:29Z,2.8369,3,E,4,X,2.8369
2011-09-07,2011-09-07T08:56:29Z,2.8369,3,E,4,X,2.8369
2011-09-07,2011-09-07T08:56:29Z,2.8369,3,E,4,X,2.8369
2011-09-07,2011-09-07T08:56:29Z,2.8369,3,E,4,X,2.8369
2011-09-07,2011-09-07T08:56:29Z,2.8369,3,E,4,X,2.8369
2011-09-07,2011-09-07T08:56:29Z,2.8369,3,E,4,X,2.8369
2011-09-07,2011-09-07T08:56:29Z,2.8369,3,E,4,X,2.8369
2011-09-07,2011-09-07T08:56:29Z,2.8369,3,E,4,X,2.8369
2011-09-07,2011-09-07T08:56:29Z,2.8369,3,E,4,X,2.8369
2011-09-07,2011-09-07T08:56:29Z,2.8369,3,E,4,X,2.8369
2011-09-07,2011-09-07T08:56:29Z,2.8369,3,E,4,X,2.8369
2011-09-07,2011-09-07T08:56:29Z,2.8369,3,E,4,X,2.8369
2011-09-07,2011-09-07T08:56:29Z,2.8369,3,E,4,X,2.8369
2011-09-07,2011-09-07T08:56:29Z,2.8369,3,E,4,X,2.8369
2011-09-07,2011-09-07T08:56:29Z,2.8369,3,E,4,X,2.8369
2011-09-07,2011-09-07T08:56:29Z,2.8369,3,E,4,X,2.8369
2011-09-07,2011-09-07T08:56:29Z,2.8369,3,E,4,X,2.8369
2011-09-07,2011-09-07T08:56:29Z,2.8369,3,E,4,X,2.8369
2011-09-07,2011-09-07T08:56:29Z,2.8369,3,E,4,X,2.8369
2011-09-07,2011-09-07T08:56:29Z,2.8369,3,E,4,X,2.8369
2011-09-07,2011-09-07T08:56:29Z,2.8369,3,E,4,X,2.8369
2011-09-07,2011-09-07T08:56:29Z,2.8369,1,E,4,X,2.8369
2011-09-07,2011-09-07T08:56:31Z,2.8369,2,E,4,X,2.8369
2011-09-07,2011-09-07T08:56:31Z,2.8369,3,E,4,X,2.8369
2011-09-07,2011-09-07T08:56:31Z,2.8369,3,E,4,X,2.8369
2011-09-07,2011-09-07T08:56:31Z,2.8369,3,E,4,X,2.8369
2011-09-07,2011-09-07T08:56:31Z,2.8369,3,E,4,X,2.8369
2011-09-07,2011-09-07T08:56:31Z,2.8369,3,E,4,X,2.8369
2011-09-07,2011-09-07T08:56:31Z,2.8369,3,E,4,X,2.8369
2011-09-07,2011-09-07T08:56:31Z,2.8369,3,E,4,X,2.8369
2011-09-07,2011-09-07T08:56:31Z,2.8369,3,E,4,X,2.8369
2011-09-07,2011-09-07T08:56:31Z,2.8369,3,E,4,X,2.8369
2011-09-07,2011-09-07T08:56:31Z,2.8369,3,E,4,X,2.8369
2011-09-07,2011-09-07T08:56:31Z,2.8369,3,E,4,X,2.8369
2011-09-07,2011-09-07T08:56:31Z,2.8369,3,E,4,X,2.8369
2011-09-07,2011-09-07T08:56:31Z,2.8369,3,E,4,X,2.8369
2011-09-07,2011-09-07T08:56:31Z,2.8369,3,E,4,X,2.8369
2011-09-07,2011-09-07T08:56:31Z,2.8369,3,E,4,X,2.8369
2011-09-07,2011-09-07T08:56:31Z,2.8369,3,E,4,X,2.8369
2011-09-07,2011-09-07T08:56:31Z,2.8369,3,E,4,X,2.8369
2011-09-07,2011-09-07T08:56:31Z,2.8369,3,E,4,X,2.8369
2011-09-07,2011-09-07T08:56:31Z,2.8369,3,E,4,X,2.8369
2011-09-07,2011-09-07T08:56:31Z,2.8369,3,E,4,X,2.8369
2011-09-07,2011-09-07T08:56:31Z,2.8369,3,E,4,X,2.8369
2011-09-07,2011-09-07T08:56:31Z,2.8369,3,E,4,X,2.8369
2011-09-07,2011-09-07T08:56:31Z,2.8369,3,E,4,X,2.8369
2011-09-07,2011-09-07T08:56:31Z,2.8369,3,E,4,X,2.8369
2011-09-07,2011-09-07T08:56:31Z,2.8369,3,E,4,X,2.8369
2011-09-07,2011-09-07T08:56:31Z,2.8369,3,E,4,X,2.8369
2011-09-07,2011-09-07T08:56:31Z,2.8369,3,E,4,X,2.8369
2011-09-07,2011-09-07T08:56:31Z,2.8369,3,E,4,X,2.8369
2011-09-07,2011-09-07T08:56:31Z,2.8369,3,E,4,X,2.8369
2011-09-07,2011-09-07T08:56:31Z,2.8369,3,E,4,X,2.8369
2011-09-07,2011-09-07T08:56:31Z,2.8369,3,E,4,X,2.8369
2011-09-07,2011-09-07T08:56:31Z,2.8369,3,E,4,X,2.8369
2011-09-07,2011-09-07T08:56:31Z,2.8369,2,E,4,X,2.8369
2011-09-07,2011-09-07T08:56:40Z,2.8369,1,E,4,X,2.8369
2011-09-07,2011-09-07T08:56:40Z,2.8369,3,E,4,X,2.8369
2011-09-07,2011-09-07T08:56:40Z,2.8369,3,E,4,X,2.8369
2011-09-07,2011-09-07T08:56:40Z,2.8369,3,E,4,X,2.8369
2011-09-07,2011-09-07T08:56:40Z,2.8369,3,E,4,X,2.8369
2011-09-07,2011-09-07T08:56:40Z,2.8369,3,E,4,X,2.8369
2011-09-07,2011-09-07T08:56:40Z,2.8369,3,E,4,X,2.8369
2011-09-07,2011-09-07T08:56:40Z,2.8369,3,E,4,X,2.8369
2011-09-07,2011-09-07T08:56:40Z,2.8369,3,E,4,X,2.8369
2011-09-07,2011-09-07T08:56:40Z,2.8369,3,E,4,X,2.8369
2011-09-07,2011-09-07T08:56:40Z,2.8369,3,E,4,X,2.8369
2011-09-07,2011-09-07T08:56:40Z,2.8369,3,E,4,X,2.8369
2011-09-07,2011-09-07T08:56:40Z,2.8369,3,E,4,X,2.8369
2011-09-07,2011-09-07T08:56:40Z,2.8369,3,E,4,X,2.8369
2011-09-07,2011-09-07T08:56:40Z,2.8369,3,E,4,X,2.8369
2011-09-07,2011-09-07T08:56:40Z,2.8369,3,E,4,X,2.8369
2011-09-07,2011-09-07T08:56:40Z,2.8369,3,E,4,X,2.8369
2011-09-07,2011-09-07T08:56:40Z,2.8369,1,E,4,X,2.8369
2011-09-07,2011-09-07T08:56:41Z,2.8369,2,E,4,X,2.8369
2011-09-07,2011-09-07T08:56:41Z,2.8369,3,E,4,X,2.8369
2011-09-07,2011-09-07T08:56:41Z,2.8369,3,E,4,X,2.8369
2011-09-07,2011-09-07T08:56:41Z,2.8369,3,E,4,X,2.8369
2011-09-07,2011-09-07T08:56:41Z,2.8369,3,E,4,X,2.8369
2011-09-07,2011-09-07T08:56:41Z,2.8369,3,E,4,X,2.8369
2011-09-07,2011-09-07T08:56:41Z,2.8369,3,E,4,X,2.8369
2011-09-07,2011-09-07T08:56:41Z,2.8369,3,E,4,X,2.8369
2011-09-07,2011-09-07T08:56:41Z,2.8369,3,E,4,X,2.8369
2011-09-07,2011-09-07T08:56:41Z,2.8369,3,E,4,X,2.8369
2011-09-07,2011-09-07T08:56:41Z,2.8369,3,E,4,X,2.8369
2011-09-07,2011-09-07T08:56:41Z,2.8369,3,E,4,X,2.8369
2011-09-07,2011-09-07T08:56:41Z,2.8369,3,E,4,X,2.8369
2011-09-07,2011-09-07T08:56:41Z,2.8369,3,E,4,X,2.8369
2011-09-07,2011-09-07T08:56:41Z,2.8369,3,E,4,X,2.8369
2011-09-07,2011-09-07T08:56:41Z,2.8369,3,E,4,X,2.8369
2011-09-07,2011-09-07T08:56:41Z,2.8369,3,E,4,X,2.8369
2011-09-07,2011-09-07T08:57:39Z,2.8147,2,E,4,X,2.8147
2011-09-07,2011-09-07T09:03:35Z,2.8147,1,E,4,X,2.8147
2011-09-07,2011-09-07T09:16:18Z,2.8147,1,E,4,X,2.8147
2011-09-07,2011-09-07T09:16:18Z,2.8147,1,E,4,X,2.8147
2011-09-07,2011-09-07T09:16:18Z,2.8147,1,E,4,X,2.8147
2011-09-07,2011-09-07T09:16:18Z,2.8147,1,E,4,X,2.8147
2011-09-07,2011-09-07T09:16:18Z,2.8147,1,E,4,X,2.8147
2011-09-07,2011-09-07T09:16:19Z,2.8147,1,E,4,X,2.8147
2011-09-07,2011-09-07T09:16:19Z,2.8147,1,E,4,X,2.8147
2011-09-07,2011-09-07T09:16:19Z,2.8147,1,E,4,X,2.8147
2011-09-07,2011-09-07T09:16:19Z,2.8147,1,E,4,X,2.8147
2011-09-07,2011-09-07T09:16:19Z,2.8147,1,E,4,X,2.8147
2011-09-07,2011-09-07T09:16:19Z,2.8147,1,E,4,X,2.8147
2011-09-07,2011-09-07T09:16:19Z,2.8147,1,E,4,X,2.8147
2011-09-07,2011-09-07T09:16:19Z,2.8147,1,E,4,X,2.8147
2011-09-07,2011-09-07T09:16:19Z,2.8147,1,E,4,X,2.8147
2011-09-07,2011-09-07T09:16:19Z,2.8147,1,E,4,X,2.8147
2011-09-07,2011-09-07T09:16:19Z,2.8147,1,E,4,X,2.8147
2011-09-07,2011-09-07T09:16:19Z,2.8147,1,E,4,X,2.8147
2011-09-07,2011-09-07T09:16:19Z,2.8147,1,E,4,X,2.8147
2011-09-07,2011-09-07T09:16:19Z,2.8147,1,E,4,X,2.8147
2011-09-07,2011-09-07T09:16:19Z,2.8147,1,E,4,X,2.8147
2011-09-07,2011-09-07T09:16:19Z,2.8147,1,E,4,X,2.8147
2011-09-07,2011-09-07T09:16:19Z,2.8147,1,E,4,X,2.8147
2011-09-07,2011-09-07T09:16:19Z,2.8147,1,E,4,X,2.8147
2011-09-07,2011-09-07T09:16:19Z,2.8147,1,E,4,X,2.8147
2011-09-07,2011-09-07T09:16:19Z,2.8147,1,E,4,X,2.8147
2011-09-07,2011-09-07T09:16:19Z,2.8147,1,E,4,X,2.8147
2011-09-07,2011-09-07T09:16:19Z,2.8147,1,E,4,X,2.8147
2011-09-07,2011-09-07T09:16:19Z,2.8147,1,E,4,X,2.8147
2011-09-07,2011-09-07T09:16:19Z,2.8147,1,E,4,X,2.8147
2011-09-07,2011-09-07T09:16:19Z,2.8147,1,E,4,X,2.8147
2011-09-07,2011-09-07T09:16:20Z,2.8147,1,E,4,X,2.8147
2011-09-07,2011-09-07T09:16:20Z,2.8147,1,E,4,X,2.8147
2011-09-07,2011-09-07T09:16:20Z,2.8147,1,E,4,X,2.8147
2011-09-07,2011-09-07T09:16:20Z,2.8147,1,E,4,X,2.8147
2011-09-07,2011-09-07T09:16:20Z,2.8147,1,E,4,X,2.8147
2011-09-07,2011-09-07T09:16:20Z,2.8147,1,E,4,X,2.8147
2011-09-07,2011-09-07T09:16:20Z,2.8147,1,E,4,X,2.8147
2011-09-07,2011-09-07T09:16:20Z,2.8147,1,E,4,X,2.8147
2011-09-07,2011-09-07T09:16:20Z,2.8147,1,E,4,X,2.8147
2011-09-07,2011-09-07T09:16:20Z,2.8147,1,E,4,X,2.8147
2011-09-07,2011-09-07T09:16:20Z,2.8147,1,E,4,X,2.8147
2011-09-07,2011-09-07T09:16:20Z,2.8147,1,E,4,X,2.8147
2011-09-07,2011-09-07T09:16:20Z,2.8147,1,E,4,X,2.8147
2011-09-07,2011-09-07T09:16:20Z,2.8147,1,E,4,X,2.8147
2011-09-07,2011-09-07T09:16:20Z,2.8147,1,E,4,X,2.8147
2011-09-07,2011-09-07T09:16:20Z,2.8147,1,E,4,X,2.8147
2011-09-07,2011-09-07T09:16:20Z,2.8147,1,E,4,X,2.8147
2011-09-07,2011-09-07T09:24:36Z,2.8483,5,E,4,X,2.8483
2011-09-07,2011-09-07T09:27:48Z,2.8493,2,E,4,X,2.8493
2011-09-07,2011-09-07T09:27:48Z,2.8493,3,E,4,X,2.8493
2011-09-07,2011-09-07T09:50:36Z,2.8147,1,E,4,X,2.8147
2011-09-07,2011-09-07T09:50:36Z,2.8147,1,E,4,X,2.8147
2011-09-07,2011-09-07T09:50:36Z,2.8147,1,E,4,X,2.8147
2011-09-07,2011-09-07T09:50:36Z,2.8147,1,E,4,X,2.8147
2011-09-07,2011-09-07T09:50:36Z,2.8147,1,E,4,X,2.8147
2011-09-07,2011-09-07T09:50:36Z,2.8147,1,E,4,X,2.8147
2011-09-07,2011-09-07T09:50:36Z,2.8147,1,E,4,X,2.8147
2011-09-07,2011-09-07T09:50:36Z,2.8147,1,E,4,X,2.8147
2011-09-07,2011-09-07T09:50:36Z,2.8147,1,E,4,X,2.8147
2011-09-07,2011-09-07T09:50:36Z,2.8147,1,E,4,X,2.8147
2011-09-07,2011-09-07T09:50:36Z,2.8147,1,E,4,X,2.8147
2011-09-07,2011-09-07T09:50:36Z,2.8147,1,E,4,X,2.8147
2011-09-07,2011-09-07T09:50:36Z,2.8147,1,E,4,X,2.8147
2011-09-07,2011-09-07T09:50:36Z,2.8147,1,E,4,X,2.8147
2011-09-07,2011-09-07T09:50:36Z,2.8147,1,E,4,X,2.8147
2011-09-07,2011-09-07T09:50:36Z,2.8147,1,E,4,X,2.8147
2011-09-07,2011-09-07T09:50:36Z,2.8147,1,E,4,X,2.8147
2011-09-07,2011-09-07T09:50:36Z,2.8147,1,E,4,X,2.8147
2011-09-07,2011-09-07T09:50:36Z,2.8147,1,E,4,X,2.8147
2011-09-07,2011-09-07T09:50:36Z,2.8147,1,E,4,X,2.8147
2011-09-07,2011-09-07T09:50:36Z,2.8147,1,E,4,X,2.8147
2011-09-07,2011-09-07T09:50:36Z,2.8147,1,E,4,X,2.8147
2011-09-07,2011-09-07T09:50:36Z,2.8147,1,E,4,X,2.8147
2011-09-07,2011-09-07T09:50:36Z,2.8147,1,E,4,X,2.8147
2011-09-07,2011-09-07T09:50:36Z,2.8147,1,E,4,X,2.8147
2011-09-07,2011-09-07T09:50:36Z,2.8147,1,E,4,X,2.8147
2011-09-07,2011-09-07T09:50:36Z,2.8147,1,E,4,X,2.8147
2011-09-07,2011-09-07T09:50:36Z,2.8147,1,E,4,X,2.8147
2011-09-07,2011-09-07T09:50:36Z,2.8147,1,E,4,X,2.8147
2011-09-07,2011-09-07T09:50:36Z,2.8147,1,E,4,X,2.8147
2011-09-07,2011-09-07T09:50:36Z,2.8147,1,E,4,X,2.8147
2011-09-07,2011-09-07T09:50:36Z,2.8147,1,E,4,X,2.8147
2011-09-07,2011-09-07T09:50:36Z,2.8147,1,E,4,X,2.8147
2011-09-07,2011-09-07T09:50:36Z,2.8147,1,E,4,X,2.8147
2011-09-07,2011-09-07T09:50:36Z,2.8147,1,E,4,X,2.8147
2011-09-07,2011-09-07T09:50:36Z,2.8147,1,E,4,X,2.8147
2011-09-07,2011-09-07T09:50:36Z,2.8147,1,E,4,X,2.8147
2011-09-07,2011-09-07T09:50:36Z,2.8147,1,E,4,X,2.8147
2011-09-07,2011-09-07T09:50:36Z,2.8147,1,E,4,X,2.8147
2011-09-07,2011-09-07T09:50:36Z,2.8147,1,E,4,X,2.8147
2011-09-07,2011-09-07T09:50:36Z,2.8147,1,E,4,X,2.8147
2011-09-07,2011-09-07T09:50:36Z,2.8147,1,E,4,X,2.8147
2011-09-07,2011-09-07T09:50:36Z,2.8147,1,E,4,X,2.8147
2011-09-07,2011-09-07T09:50:36Z,2.8147,1,E,4,X,2.8147
2011-09-07,2011-09-07T09:50:36Z,2.8147,1,E,4,X,2.8147
2011-09-07,2011-09-07T09:50:36Z,2.8147,1,E,4,X,2.8147
2011-09-07,2011-09-07T09:50:36Z,2.8147,1,E,4,X,2.8147
2011-09-07,2011-09-07T09:50:36Z,2.8147,1,E,4,X,2.8147
2011-09-07,2011-09-07T09:50:36Z,2.8147,1,E,4,X,2.8147
2011-09-07,2011-09-07T09:50:36Z,2.8147,1,E,4,X,2.8147
2011-09-07,2011-09-07T09:51:37Z,2.8147,1,E,4,X,2.8147
2011-09-07,2011-09-07T09:51:37Z,2.8147,3,E,4,X,2.8147
2011-09-07,2011-09-07T09:51:37Z,2.8147,3,E,4,X,2.8147
2011-09-07,2011-09-07T09:51:37Z,2.8147,3,E,4,X,2.8147
2011-09-07,2011-09-07T09:51:37Z,2.8147,3,E,4,X,2.8147
2011-09-07,2011-09-07T09:51:37Z,2.8147,3,E,4,X,2.8147
2011-09-07,2011-09-07T09:51:37Z,2.8147,3,E,4,X,2.8147
2011-09-07,2011-09-07T09:51:37Z,2.8147,1,E,4,X,2.8147
2011-09-07,2011-09-07T09:51:48Z,2.8147,2,E,4,X,2.8147
2011-09-07,2011-09-07T09:51:48Z,2.8147,3,E,4,X,2.8147
2011-09-07,2011-09-07T09:51:48Z,2.8147,3,E,4,X,2.8147
2011-09-07,2011-09-07T09:51:48Z,2.8147,3,E,4,X,2.8147
2011-09-07,2011-09-07T09:51:48Z,2.8147,3,E,4,X,2.8147
2011-09-07,2011-09-07T09:51:48Z,2.8147,3,E,4,X,2.8147
2011-09-07,2011-09-07T09:51:48Z,2.8147,3,E,4,X,2.8147
2011-09-07,2011-09-07T09:52:15Z,2.8147,3,E,4,X,2.8147
2011-09-07,2011-09-07T09:52:15Z,2.8147,3,E,4,X,2.8147
2011-09-07,2011-09-07T09:52:15Z,2.8147,3,E,4,X,2.8147
2011-09-07,2011-09-07T09:52:15Z,2.8147,1,E,4,X,2.8147
2011-09-07,2011-09-07T10:01:17Z,2.8715,5,E,4,X,2.8715
2011-09-07,2011-09-07T10:01:24Z,2.8714,2,E,4,X,2.8714
2011-09-07,2011-09-07T10:01:24Z,2.8714,3,E,4,X,2.8714
2011-09-07,2011-09-07T10:01:24Z,2.8714,2,E,4,X,2.8714
2011-09-07,2011-09-07T10:01:24Z,2.8714,3,E,4,X,2.8714
2011-09-07,2011-09-07T10:01:24Z,2.8714,2,E,4,X,2.8714
2011-09-07,2011-09-07T10:02:49Z,2.8147,2,E,4,X,2.8147
2011-09-07,2011-09-07T10:02:49Z,2.8147,3,E,4,X,2.8147
2011-09-07,2011-09-07T10:02:49Z,2.8147,3,E,4,X,2.8147
2011-09-07,2011-09-07T10:02:49Z,2.8147,3,E,4,X,2.8147
2011-09-07,2011-09-07T10:02:49Z,2.8147,3,E,4,X,2.8147
2011-09-07,2011-09-07T10:02:49Z,2.8147,3,E,4,X,2.8147
2011-09-07,2011-09-07T10:02:49Z,2.8147,3,E,4,X,2.8147
2011-09-07,2011-09-07T10:02:57Z,2.8714,3,E,4,X,2.8714
2011-09-07,2011-09-07T10:02:57Z,2.8714,2,E,4,X,2.8714
2011-09-07,2011-09-07T10:02:57Z,2.8714,3,E,4,X,2.8714
2011-09-07,2011-09-07T10:02:57Z,2.8714,2,E,4,X,2.8714
2011-09-07,2011-09-07T10:04:28Z,2.8147,3,E,4,X,2.8147
2011-09-07,2011-09-07T10:04:28Z,2.8147,3,E,4,X,2.8147
2011-09-07,2011-09-07T10:04:28Z,2.8147,3,E,4,X,2.8147
2011-09-07,2011-09-07T10:04:28Z,2.8147,3,E,4,X,2.8147
2011-09-07,2011-09-07T10:04:28Z,2.8147,3,E,4,X,2.8147
2011-09-07,2011-09-07T10:04:28Z,2.8147,2,E,4,X,2.8147
